2762 5148
305 487 330 558 4
388 463 438 542 Di
460 461 523 538 W.
547 461 630 537 AN
638 457 1224 540 Intanvttnstontus‘ttt

210 721 212 728 ,
311 634 513 740 spanhemio
535 653 629 709 tanta
658 633 828 710 mennae
851 635 980 710 veterio
1000 637 1098 735 copia
1127 625 1247 736 quanta
1270 637 1300 718 in

314 783 456 865 paucto:
555 791 559 798 ⁴
858 781 862 792 ’
1294 787 1298 799 ·

369 1021 438 1094 niet
454 1037 558 1095 tamea
574 1019 631 1094 stoc
648 1023 808 1114 tribuens,
830 1019 962 1097 dederim
977 1029 1230 1117 quoquotum,

202 1335 207 1347 .
237 1323 244 1332 ·
322 1273 447 1371 ingenii
468 1293 607 1347 acumen
629 1269 912 1372 elegantiamque,
934 1273 1071 1350 tationis
1096 1273 1319 1373 diiigentiana,

324 1401 482 1475 orationis
506 1396 806 1497 perspicuitatem,-
827 1399 982 1476 dictionis
1015 1403 1166 1477 Graecae
1190 1422 1321 1473 accura-
1362 1411 1363 1430 ¹

323 1547 396 1602 tant
415 1524 596 1602 scientiam.
636 1521 739 1599 Aliud
750 1523 806 1599 -est
823 1529 924 1600 musta
940 1527 1058 1620 segete,
1078 1525 1174 1602 aliud
1190 1526 1323 1595 matun.

327 1650 546 1752 spanhemius
565 1647 690 1741 muita,
716 1673 784 1723 non
804 1651 967 1741 multum,
992 1653 1136 1748 legerat3
1158 1663 1202 1720 ut
1223 1643 1324 1719 erudi

320 1777 380 1859 -tio
396 1777 468 1874 ejus
487 1775 613 1852 censeri
631 1775 753 1850 debeat
769 1773 983 1848 multitudine
997 1797 1039 1848 ac
1054 1774 1244 1866 varietate,
1263 1793 1327 1846 non

321 1897 366 1972 ¹ui
382 1921 422 1970 ac
439 1899 581 1976 ratione.
634 1902 736 1996 Cujus
751 1876 887 1994 quidem
911 1897 961 1968 tei
987 1895 1178 1992 frequentia
1204 1895 1327 1972 suntin
1362 1919 1363 1922 ¹

329 2021 428 2119 ipsius
450 2024 710 2097 ¹Commentario
738 2023 959 2096 documenta:
1001 2019 1059 2094 ubi
1083 2021 1184 2118 saepe
1215 2021 1263 2098 ita
1289 2019 1331 2095 esi

329 2146 435 2222 traete
454 2143 591 2240 fusaque
609 2144 815 2244 disputatio,
840 2166 880 2244 ut
894 2165 963 2240 quo
986 2145 1158 2241 pertineat
1179 2170 1252 2222 non
1282 2169 1333 2242 ap·

328 2287 466 2372 pareat:
495 2267 593 2366 saepe
617 2270 778 2346 orationis
807 2295 848 2346 ea
870 2245 1070 2358 dbscutitas,
1104 2289 1144 2344 ut
1177 2295 1266 2369 quae
1299 2269 1333 2343 stt

330 2394 497 2472 sententia
517 2417 585 2469 non
620 2394 781 2492 capiatur.
822 2396 881 2468 De
913 2391 1167 2470 constituendae
1190 2399 1336 2495 denique

332 2517 608 2614 veraesestioais
629 2517 790 2593 facultate
812 2519 894 2616 quid
915 2518 1052 2594 dicam?
1086 2521 1231 2596 Vereor
1254 2517 1339 2592 enin

333 2669 378 2724 ne
404 2645 669 2746 grauiuthoca
697 2645 891 2745 quibusdam
923 2641 1122 2739 accipiatur:
1152 2643 1363 2736 dicendum¹

333 2789 447 2846 tamen
476 2769 713 2844 monetatis
743 2770 867 2843 caussa
923 2770 1041 2844 Hebes
1073 2769 1179 2864 igitur
1202 2766 1279 2838 suit
1305 2765 1349 2839 ad

334 2893 646 2982 attimadv'ertendas
662 2893 887 2988 corruptelas,
909 2893 1060 2968 tuocum
1077 2892 1182 2964 etiam
1204 2891 1252 2965 ad
1275 2891 1363 2966 con'

335 3014 500 3113 tigendaa.
550 3020 678 3114 Neque
695 3035 806 3090 tamen
822 3019 1032 3103 reticendum
1047 3033 1119 3104 eat,
1144 3016 1274 3089 harum
1294 3017 1363 3098 ἀο,γ

338 3159 413 3216 tum
435 3140 614 3218 absentiam
641 3143 886 3239 compensatam
908 3141 1157 3240 quodammodo
1195 3143 1275 3218 esse
1305 3144 1352 3218 illa

339 3265 451 3343 variae
464 3265 635 3342 dottrnae
653 3269 764 3364 copia:
788 3265 831 3342 ad
850 3267 944 3361 cujus
960 3267 1180 3366 lectioncmfi
1201 3271 1281 3368 quis
1302 3271 1352 3368 ju·

337 3387 422 3468 dicii
435 3390 640 3490 diligentiam
657 3393 775 3470 afferat
783 3373 803 3485 ‚¹
819 3392 847 3467 it
863 3391 953 3468 haud
967 3393 1182 3470 mediocrem
1204 3393 1357 3468 fructum

334 3533 461 3611 capere
476 3515 589 3612 possit.
892 3549 896 3564 ¹

391 3642 553 3716 Ceterum
567 3641 630 3718 hac
647 3640 748 3718 etiam
763 3641 912 3740 inpa'rte
938 3671 1052 3722 ineunt
1075 3648 1268 3746 negotium
1295 3640 1363 3717 dii-1

339 3763 409 3838 sert
423 3764 466 3840 ab
482 3765 555 3842 istis
571 3766 732 3865 Reguiit,
757 3769 846 3866 quod
862 3791 929 3867 ego
944 3773 1083 3848 alionum
1107 3773 1252 3870 potius·
1265 3772 1363 3844 fibro

339 3913 529 3989 tunquam
553 3893 785 3990 Spauhentiani
800 3897 1037 3970 commentarii
1054 3895 1203 3972 lectioni
1226 3895 1363 3971 demunt

341 4013 464 4142 punt
479 4015 733 4126 ptuuuuam
754 4020 874 4100 teum:
900 4020 1057 4122 quotque
1075 4003 1146 4099 oon
1172 4029 1363 4120 perpetuu

348 4175 365 4230 t
422 4183 428 4191 ¹
686 4220 689 4228 ,
811 4170 864 4216 ιι·
1120 4213 1122 4216 -
1262 4164 1363 4234 'ami
