2786 5174
217 477 378 588 nntr.
410 505 590 587 oxon.
624 503 944 594 vonnt-v.
1028 459 1145 614 Ὗς,
1250 633 1256 648 ¹
1358 601 1385 623 ,

86 733 242 804 utroque
259 710 369 806 penso
386 711 599 802 perpetuitas
621 709 774 806 eJusdern
804 715 963 786 materne
986 713 1078 808 parit

88 832 300 904 satietatemt
326 851 346 900 a
362 852 431 923 qua
449 831 482 902 se
500 833 654 916 animus,
681 832 741 904 nii
758 831 808 904 nil
825 835 968 929 omnino
978 853 1081 930 agere
1222 919 1230 934 ,

89 945 207 1034 velit,
239 971 310 1024 non
344 955 404 1026 nifi
432 955 516 1030 novi
548 953 666 1046 operis
698 949 890 1024 diverfirate
925 942 1082 1026 rectrlare

89 1069 210 1160 polilt:
238 1069 329 1146 uncie
353 1093 464 1165 nuper
488 1069 714 1163 iailnrnest,
737 1094 777 1147 ut
801 1094 846 1148 eo
872 1071 1020 1147 facilius*
1036 1048 1094 1144 ad*
1212 1093 1231 1128 ν

64 1243 67 1250 .
88 1186 250 1263 Platonis
266 1188 485 1264 Phaedonem
503 1189 696 1286 edendum,
720 1188 862 1266 &hanc
884 1191 1082 1265 Bibliothe-

86 1328 167 1378 carn
183 1307 521 1397 instaurandam‚'rne
538 1311 665 1384 darem.
715 1308 964 1398 fluentant,
983 1309 1081 1404 quod
1149 1315 1154 1330 “

90 1447 137 1498 ex
168 1429 236 1501 bac
267 1427 378 1500 nostra
410 1451 518 1523 opera
545 1430 596 1505 nil
628 1431 702 1504 iere
726 1451 821 1503 extra
847 1432 1080 1520 Britanniam

87 1546 183 1640 apud
200 1546 367 1619 nostrates
393 1545 429 1621 lit
452 1549 539 1624 alios
568 1553 760 1626 Literatum
787 1533 955 1624 studiosos
972 1573 1083 1646 appa·

86 1687 154 1742 ret.
206 1667 541 1741 Nostrae'editionis
567 1669 679 1745 adhuc
705 1693 777 1744 non
802 1671 861 1743 nii
888 1675 986 1765 prior
1002 1695 1081 1764 pare
1278 1764 1281 1772 ,

86 1787 242 1880 prodiit:
277 1810 380 1881 quarn
407 1788 512 1882 ipsam
537 1795 640 1884 pauci
669 1791 906 1888 cognoscuntr
932 1793 1086 1885 repetita
1191 1795 1199 1809 '
1233 1846 1235 1860 .

86 1904 234 1996 Lipfiae
251 1905 407 2001 exempla
424 1907 536 1982 studio
555 1912 732 1990 doliifflmi
748 1910 937 1988 Schaefferi
952 1908 1083 1981 nostra·

88 2024 185 2095 tibus
201 2047 272 2098 non
291 2027 503 2102 satisfaciunt
520 2049 664 2102 externo
678 2033 822 2106 babitu:
849 2028 1082 2126 Tubingenlia

85 2165 236 2220 externo
253 2153 335 2220 item
354 2149 472 2222 babitu
494 2150 583 2222 haud
600 2150 712 2226 multo
729 2151 873 2226 meliora
890 2153 986 2240 ¹sunt,
1012 2149 1082 2222 fine

84 2266 373 2361 interpretatione
390 2271 538 2357 Latina,
558 2272 682 2348 nostris
697 2295 775 2348 curo
794 2269 1081 2344 annotationibus

85 2411 162 2461 non
177 2392 341 2486 integris,
369 2391 427 2464 sed
446 2387 629 2466 mutilis&
650 2390 869 2483 interpolatis
884 2373 1029 2463 nornine
1042 2380 1080 2458 it

86 2509 325 2584 additamento
349 2513 505 2586 editoris.
564 2514 714 2586 Memini
742 2532 797 2584 rne
820 2509 863 2580 do
888 2510 940 2582 bis
965 2498 1082 2580 dixisse

85 2653 173 2705 vere
191 2630 346 2722 quidam,
365 2613 426 2704 sed,
439 2630 618 2723 aliquanto
637 2624 749 2704 atritis
761 2649 863 2728 qnam
875 2627 1025 2714 vellem„
1044 2629 1083 2700 in
1135 2639 1139 2652 '

86 2747 324 2843 Praqirtiona
352 2753 401 2827 ad
432 2750 565 2846 nostrat
605 2747 957 2843 Animadverfioner‚
1000 2763 1080 2816 ante

80 2874 154 2946 bos
177 2873 311 2967 septem
334 2894 442 2946 annos
476 2873 655 2947 Oxoniurn
689 2869 803 2957 milia,
840 2857 961 2962 ibique
988 2867 1083 2958 typis
1124 2925 1132 2932 ..

79 2993 229 3085 quidem
264 2989 442 3085 expralla,
486 3015 565 3068 cum
599 2970 846 3086 Disputaiione
878 2991 919 3064 tlt
937 2989 1082 3066 incerta

79 3112 301 3188 auiioritate
316 3111 426 3188 libelli
441 3111 500 3186 Da
521 3113 741 3186 Educatione
761 3108 996 3193 Liberorum,
1021 3107 1081 3194 sed

75 3224 205 3308 neutra
231 3233 346 3310 adhuc
376 3231 480 3310 edita.
538 3232 631 3354 'lota
663 3236 770 3330 igitur
792 3253 870 3325 pars
907 3229 1080 3327 posterior

78 3354 194 3426 credo
220 3358 393 3444 summunt
419 3353 577 3448 explebit
603 3355 668 3426 tria
688 3353 889 3430 Volumina.
939 3349 1081 3442 Horum
1126 3371 1141 3426 ί

74 3475 149 3568 jam
167 3493 282 3548 unum
306 3473 597 3572 conscriplirnus:
630 3473 784 3567 quodie
810 3476 846 3547 in
868 3471 1081 3548 Britanniam
1161 3467 1168 3475 “

78 3599 175 3670 mitti
194 3594 258 3672 din
273 3593 464 3680 recusavit,
483 3584 639 3689 matutae
656 3595 829 3678 fortunam
844 3592 960 3669 ultimi
979 3589 1084 3664 iaici·

77 3715 182 3807 culi,
207 3713 412 3806 exspectans
443 3735 579 3792 manum
606 3713 849 3809 descriptoris,
874 3711 935 3801 qui
957 3727 1082 3784 exem,-
1117 3785 1121 3796 ,
1248 3787 1250 3796 p

72 3834 149 3932 plo
176 3833 341 3908 faciendo
367 3835 544 3908 interitum
569 3853 699 3908 caveat.
748 3827 976 3922 ‚Descriptor
1007 3849 1081 3906 tan·
1157 3821 1188 3900 .'

68 3956 159 4035 dem
202 3955 311 4038 nobis
351 3954 511 4054 obtigit:
553 3953 810 4062 autograpbum
851 3947 1004 4032 nostrum
1035 3949 1098 4048 ¹in·

590 4078 643 4172 A,
651 4095 673 4168 3
950 4143 957 4154 ,
1003 4068 1082 4142 Bri.
