2800 5166
359 469 408 559 3,
479 439 771 520 nnurancrn
796 439 964 518 uranu
988 439 1238 539 uronanrn.

358 643 501 732 Tomis,
528 641 638 716 altero
661 640 848 728 litatum,
872 639 983 715 altero
1007 639 1228 729 ninnium,
1254 643 1344 720 eddi·

358 765 520 850 usuriis
536 767 702 860 paginae,
729 769 763 838 iu
788 783 885 857 parte
907 763 1097 848 interiore,
1122 762 1251 838 Latina
1272 789 1345 856 yet.

358 887 475 970 fiune,
507 883 712 963 Croseriau:
740 883 859 968 Writ,
898 881 1096 974 Xylundrea
1127 884 1343 974 Moralr‘bnr,

358 1001 455 1093 haud
472 1025 551 1074 rato
569 1003 763 1077 diiienrieus
777 1027 797 1076 a
813 1023 981 1079 contextu
996 1003 1256 1096 Stephaniauo:
1274 1010 1344 1080 sub·

193 1168 196 1179 ·
237 1159 244 1174 ·
355 1120 526 1228 jiciuntur
557 1122 601 1196 ad
625 1122 758 1199 calcem
791 1145 896 1198 uotae
921 1123 1110 1218 Xylaudri,
1146 1127 1205 1198 sed
1227 1127 1343 1200 ordine

357 1244 533 1318 librorum
557 1245 689 1320 Aldino
706 1242 740 1327 δι
760 1246 962 1339 Baiileenfi,
986 1267 1091 1340 quem
1107 1242 1283 1336 Xylander
1297 1249 1343 1321 ses

355 1375 461 1458 ¹cotos
486 1385 581 1456 erar,
608 1367 804 1464 Stephanus
830 1364 1043 1440 deseruerat:
1070 1388 1161 1459 quae
1180 1366 1341 1444 divertitur

356 1487 495 1568 ordinis
512 1509 679 1582 perquam
697 1485 840 1562 molesta
863 1484 910 1558 est
933 1482 1132 1582 legentibus
1143 1485 1256 1562 libros
1271 1487 1344 1564 Plu·

355 1608 543 1697 rtrcheos,
560 1601 597 1686 &⁴
612 1611 704 1696 iuter
720 1603 907 1706 legendum
925 1627 1025 1682 noras
1039 1605 1212 1700 Xylaudri
1229 1611 1344 1685 consu·

355 1727 536 1820 ientibos:
569 1727 758 1824 sequuntur
779 1723 947 1817 Stephani
971 1731 1243 1805 annotationes:
1279 1751 1344 1804 turn

355 1846 468 1940 ‚iudex
484 1852 654 1924 variarunt
670 1845 860 1921 lectionum
882 1865 926 1918 ex
943 1845 1160 1924 editionibus
1175 1847 1346 1954 Aldina&

311 2023 320 2050 s
355 1967 557 2056 Bufileenii,
584 1972 667 2040 item
683 1987 728 2038 ex
744 1964 843 2037 libris
868 1965 914 2040 T.
941 1968 987 2042 V.
1012 1970 1056 2044 Β.
1078 1969 1117 2042 Ρ.
1146 1969 1182 2043 id
1198 1970 1248 2042 est
1263 1971 1349 2046 Tot·

358 2091 463 2188 nebi,
490 2087 684 2175 Vulcobii,
706 2085 909 2182 Bougarssi,
925 2084 1071 2160 Patavii.
1117 2087 1176 2162 Ex
1192 2091 1248 2164 bis
1261 2089 1350 2165 Tut-

245 2293 253 2298 ,
356 2211 442 2298 nebi
461 2209 552 2282 liber
567 2205 659 2282 idem
675 2207 744 2313 est,
771 2227 876 2300 quem
890 2224 956 2276 nos
970 2201 1105 2281 Ptrifiis
1120 2207 1350 2296 contulimus,

358 2327 397 2418 br
421 2331 634 2430 Exemplum
665 2327 824 2406 'Turntbi
849 2328 1134 2418 nominavimus,
1166 2329 1226 2402 sed
1246 2329 1349 2428 negli-

356 2432 481 2556 genter
514 2470 701 2547 excerptus
733 2448 777 2521 ab
812 2447 865 2521 his
891 2449 1104 2524 editoribus:
1136 2451 1348 2546 reliquitur

359 2573 469 2667 iibri,
495 2594 561 2648 net
586 2572 648 2664 qui
674 2571 760 2664 ipii,
786 2587 852 2644 uec
872 2569 934 2660 qui
958 2590 1082 2645 eorum
1107 2569 1263 2659 domiui,
1287 2592 1348 2645 net

337 2699 422 2792 'qui
448 2697 595 2768 omnino
623 2693 732 2766 totius
758 2687 922 2762 editionis
939 2709 1187 2780 procuratores
1203 2695 1348 2780 fuerint,

358 2819 558 2914 tomperire
591 2813 706 2886 licuit·
775 2807 868 2882 iilud
892 2811 952 2916 triu
981 2817 1236 2908 cognovimns,
1262 2814 1351 2884 bont

357 2937 516 3030 iudicem
541 2919 711 3010 variatum
738 2931 930 3028 lectionum
956 2934 1099 3010 minime
1126 2957 1349 3012 contemneu·

357 3055 444 3137 dum
462 3055 545 3144 eisc,
572 3076 688 3148 utque
705 3054 941 3151 abjiciendum
959 3073 1132 3146 tamquam
1150 3025 1353 3152 farraginem

362 3175 653 3270 quisquiliarum,
679 3175 777 3270 quod
795 3174 957 3248 nonnulli
984 3177 1197 3256 dieiirarunt.
1243 3175 1355 3248 Mini-

357 3297 584 3394 :nequidem
613 3294 675 3370 ille
700 3295 953 3392 comparandus
980 3296 1027 3370 est
1053 3318 1134 3372 cunr
1159 3295 1354 3370 nostrorum

291 3467 293 3472 -
360 3417 527 3492 codicum
552 3419 756 3510 antiquitate
784 3414 818 3490 b:
846 3418 1071 3511 praestantia:
1104 3417 1209 3490 habet
1237 3433 1357 3486 tutneu

352 3541 550 3634 plurimas,
576 3558 665 3632 qnae
689 3559 709 3608 u
732 3537 857 3612 uostris
882 3539 1154 3624 confirmentur,
1177 3533 1361 3638 lebiones.

360 3657 517 3735 Primum
550 3660 635 3737 hnec
665 3657 776 3728 editio
812 3657 978 3749 prodiit,
999 3651 1227 3752 Francofnrri
1263 3650 1363 3748 apud

358 3783 530 3874 Andreae
555 3777 724 3858 Wechelt'r‘
755 3775 932 3873 heredes,
968 3777 1229 3878 &Claudiurn
1252 3775 1363 3848 Mar·

355 3903 482 3994 ‚nium
509 3899 554 3986 ὅθ
568 3900 772 4004 Johannern
787 3901 986 3996 nutrium,
1011 3923 1104 3981 anno
1126 3921 1233 4001 ¹599·
1288 3898 1364 3970 Re·

1298 4038 1366 4110 pe.
