<?xml version="1.0" encoding="UTF-8"?>
<!DOCTYPE html PUBLIC "-//W3C//DTD XHTML 1.0 Transitional//EN"
    "http://www.w3.org/TR/xhtml1/DTD/xhtml1-transitional.dtd">
<html xmlns="http://www.w3.org/1999/xhtml" xml:lang="en" lang="en">
 <head>
  <title>
</title>
<meta http-equiv="Content-Type" content="text/html;charset=utf-8" />
  <meta name='ocr-system' content='tesseract 3.04.00' />
  <meta name='ocr-capabilities' content='ocr_page ocr_carea ocr_par ocr_line ocrx_word'/>
</head>
<body>
  <div class='ocr_page' id='page_1' title='image "./bibliothecacrit02wyttgoog_0376.png"; bbox 0 0 2800 5166; ppageno 0'>
   <div class='ocr_carea' id='block_1_1' title="bbox 308 516 1183 622">
    <p class='ocr_par' dir='ltr' id='par_1_1' title="bbox 308 516 1183 622">
     <span class='ocr_line' id='line_1_1' title="bbox 308 516 1183 622; baseline 0 -19"><span class='ocrx_word' id='word_1_1' title='bbox 308 525 356 622; x_wconf 80' lang='lat'>48</span> <span class='ocrx_word' id='word_1_2' title='bbox 447 516 703 601; x_wconf 78' lang='lat' dir='ltr'>nummu·</span> <span class='ocrx_word' id='word_1_3' title='bbox 725 516 796 598; x_wconf 81' lang='lat' dir='ltr'>ur</span> <span class='ocrx_word' id='word_1_4' title='bbox 837 516 1183 602; x_wconf 76' lang='lat' dir='ltr'>murorum·</span> 
     </span>
    </p>
   </div>
   <div class='ocr_carea' id='block_1_2' title="bbox 312 695 1312 1080">
    <p class='ocr_par' dir='ltr' id='par_1_2' title="bbox 312 695 1312 1080">
     <span class='ocr_line' id='line_1_2' title="bbox 313 695 1312 821; baseline 0.001 -21"><span class='ocrx_word' id='word_1_5' title='bbox 313 729 355 800; x_wconf 86' lang='lat' dir='ltr'>srs</span> <span class='ocrx_word' id='word_1_6' title='bbox 379 726 540 798; x_wconf 90' lang='lat' dir='ltr'>cernitur.</span> <span class='ocrx_word' id='word_1_7' title='bbox 592 717 728 795; x_wconf 84' lang='lat' dir='ltr'>Horum</span> <span class='ocrx_word' id='word_1_8' title='bbox 756 724 846 795; x_wconf 85' lang='lat' dir='ltr'>enim</span> <span class='ocrx_word' id='word_1_9' title='bbox 872 721 1035 816; x_wconf 82' lang='lat' dir='ltr'>quamdiu</span> <span class='ocrx_word' id='word_1_10' title='bbox 1059 743 1132 796; x_wconf 88' lang='lat' dir='ltr'>non</span> <span class='ocrx_word' id='word_1_11' title='bbox 1154 695 1312 821; x_wconf 73' lang='lat' dir='ltr'>lugula·</span> 
     </span>
     <span class='ocr_line' id='line_1_3' title="bbox 316 837 1310 936; baseline 0.005 -18"><span class='ocrx_word' id='word_1_12' title='bbox 316 867 392 922; x_wconf 89' lang='lat' dir='ltr'>rum</span> <span class='ocrx_word' id='word_1_13' title='bbox 418 843 453 918; x_wconf 69' lang='grc' dir='ltr'>ἃ</span> <span class='ocrx_word' id='word_1_14' title='bbox 476 844 713 916; x_wconf 71' lang='lat' dir='ltr'>uniuersorum</span> <span class='ocrx_word' id='word_1_15' title='bbox 739 843 907 935; x_wconf 89' lang='lat' dir='ltr'>quidquid</span> <span class='ocrx_word' id='word_1_16' title='bbox 931 837 1080 936; x_wconf 79' lang='lat' dir='ltr'>superest</span> <span class='ocrx_word' id='word_1_17' title='bbox 1098 845 1134 920; x_wconf 75' lang='grc' dir='ltr'>δι</span> <span class='ocrx_word' id='word_1_18' title='bbox 1153 851 1310 923; x_wconf 81' lang='lat' dir='ltr'>mentio-</span> 
     </span>
     <span class='ocr_line' id='line_1_4' title="bbox 312 957 1310 1080; baseline 0.001 -41"><span class='ocrx_word' id='word_1_19' title='bbox 312 989 396 1040; x_wconf 89' lang='lat' dir='ltr'>num</span> <span class='ocrx_word' id='word_1_20' title='bbox 424 961 460 1036; x_wconf 78' lang='grc' dir='ltr'>δι</span> <span class='ocrx_word' id='word_1_21' title='bbox 484 965 707 1080; x_wconf 66' lang='lat' dir='ltr'>reliqpiarum</span> <span class='ocrx_word' id='word_1_22' title='bbox 742 965 913 1062; x_wconf 83' lang='lat' dir='ltr'>figillatim</span> <span class='ocrx_word' id='word_1_23' title='bbox 947 962 1137 1036; x_wconf 73' lang='lat' dir='ltr'>collectum</span> <span class='ocrx_word' id='word_1_24' title='bbox 1162 957 1198 1036; x_wconf 76' lang='lat' dir='ltr'>lit</span> <span class='ocrx_word' id='word_1_25' title='bbox 1234 988 1310 1040; x_wconf 82' lang='lat' dir='ltr'>uno</span> 
     </span>
    </p>
   </div>
   <div class='ocr_carea' id='block_1_3' title="bbox 134 1061 1305 1176">
    <p class='ocr_par' dir='ltr' id='par_1_3' title="bbox 134 1061 1305 1176">
     <span class='ocr_line' id='line_1_5' title="bbox 134 1061 1305 1176; baseline 0.002 -18"><span class='ocrx_word' id='word_1_26' title='bbox 134 1077 137 1084; x_wconf 81' lang='grc'>’</span> <span class='ocrx_word' id='word_1_27' title='bbox 184 1099 188 1108; x_wconf 89' lang='grc'>·</span> <span class='ocrx_word' id='word_1_28' title='bbox 267 1061 271 1078; x_wconf 54' lang='grc'><em>“</em></span> <span class='ocrx_word' id='word_1_29' title='bbox 311 1086 398 1158; x_wconf 81' lang='lat' dir='ltr'>locu</span> <span class='ocrx_word' id='word_1_30' title='bbox 413 1085 605 1174; x_wconf 82' lang='lat' dir='ltr'>expolitum</span> <span class='ocrx_word' id='word_1_31' title='bbox 622 1085 748 1176; x_wconf 81' lang='lat' dir='ltr'>luerit,</span> <span class='ocrx_word' id='word_1_32' title='bbox 776 1085 905 1158; x_wconf 82' lang='lat' dir='ltr'>tamdiu</span> <span class='ocrx_word' id='word_1_33' title='bbox 923 1083 965 1154; x_wconf 88' lang='lat' dir='ltr'>de</span> <span class='ocrx_word' id='word_1_34' title='bbox 980 1081 1087 1176; x_wconf 80' lang='lat' dir='ltr'>justae</span> <span class='ocrx_word' id='word_1_35' title='bbox 1105 1081 1305 1160; x_wconf 84' lang='lat' dir='ltr'>Literarutn</span> 
     </span>
    </p>
   </div>
   <div class='ocr_carea' id='block_1_4' title="bbox 312 1195 1305 1662">
    <p class='ocr_par' dir='ltr' id='par_1_4' title="bbox 312 1195 1305 1662">
     <span class='ocr_line' id='line_1_6' title="bbox 314 1195 1301 1298; baseline 0.004 -22"><span class='ocrx_word' id='word_1_36' title='bbox 314 1196 487 1276; x_wconf 81' lang='lat' dir='ltr'>Historiae</span> <span class='ocrx_word' id='word_1_37' title='bbox 523 1195 744 1278; x_wconf 75' lang='lat' dir='ltr'>confeilione</span> <span class='ocrx_word' id='word_1_38' title='bbox 775 1197 1019 1298; x_wconf 79' lang='lat' dir='ltr'>desperandum</span> <span class='ocrx_word' id='word_1_39' title='bbox 1053 1204 1132 1276; x_wconf 87' lang='lat' dir='ltr'>erit.</span> <span class='ocrx_word' id='word_1_40' title='bbox 1195 1195 1301 1280; x_wconf 85' lang='lat' dir='ltr'>Nunc</span> 
     </span>
     <span class='ocr_line' id='line_1_7' title="bbox 314 1315 1302 1422; baseline 0.001 -23"><span class='ocrx_word' id='word_1_41' title='bbox 314 1331 474 1420; x_wconf 81' lang='lat' dir='ltr'>poenitet</span> <span class='ocrx_word' id='word_1_42' title='bbox 495 1342 560 1400; x_wconf 86' lang='lat' dir='ltr'>nos</span> <span class='ocrx_word' id='word_1_43' title='bbox 584 1349 623 1401; x_wconf 95' lang='lat' dir='ltr'>ut</span> <span class='ocrx_word' id='word_1_44' title='bbox 648 1315 722 1399; x_wconf 81' lang='lat' dir='ltr'>eam</span> <span class='ocrx_word' id='word_1_45' title='bbox 748 1328 856 1422; x_wconf 83' lang='lat' dir='ltr'>vulgo</span> <span class='ocrx_word' id='word_1_46' title='bbox 874 1325 1016 1398; x_wconf 69' lang='lat' dir='ltr'>tractent</span> <span class='ocrx_word' id='word_1_47' title='bbox 1033 1323 1162 1414; x_wconf 90' lang='lat' dir='ltr'>hodie,</span> <span class='ocrx_word' id='word_1_48' title='bbox 1187 1323 1302 1418; x_wconf 82' lang='lat' dir='ltr'>qui&amp;</span> 
     </span>
     <span class='ocr_line' id='line_1_8' title="bbox 315 1433 1305 1542; baseline -0.002 -22"><span class='ocrx_word' id='word_1_49' title='bbox 315 1451 465 1542; x_wconf 80' lang='lat' dir='ltr'>majores</span> <span class='ocrx_word' id='word_1_50' title='bbox 490 1447 525 1522; x_wconf 83' lang='lat'>&amp;</span> <span class='ocrx_word' id='word_1_51' title='bbox 550 1453 701 1522; x_wconf 81' lang='lat' dir='ltr'>minores</span> <span class='ocrx_word' id='word_1_52' title='bbox 728 1439 770 1520; x_wconf 87' lang='lat' dir='ltr'>de</span> <span class='ocrx_word' id='word_1_53' title='bbox 801 1457 840 1518; x_wconf 72' lang='lat' dir='ltr'>ei</span> <span class='ocrx_word' id='word_1_54' title='bbox 863 1433 972 1518; x_wconf 86' lang='lat' dir='ltr'>libros</span> <span class='ocrx_word' id='word_1_55' title='bbox 998 1443 1170 1517; x_wconf 75' lang='lat' dir='ltr'>scribuntr</span> <span class='ocrx_word' id='word_1_56' title='bbox 1195 1459 1305 1542; x_wconf 80' lang='lat' dir='ltr'>agunt</span> 
     </span>
     <span class='ocr_line' id='line_1_9' title="bbox 312 1561 1302 1662; baseline -0.002 -23"><span class='ocrx_word' id='word_1_57' title='bbox 312 1568 497 1644; x_wconf 83' lang='lat' dir='ltr'>nobiscum</span> <span class='ocrx_word' id='word_1_58' title='bbox 524 1561 615 1662; x_wconf 79' lang='lat' dir='ltr'>qual</span> <span class='ocrx_word' id='word_1_59' title='bbox 643 1589 721 1644; x_wconf 89' lang='lat' dir='ltr'>cum</span> <span class='ocrx_word' id='word_1_60' title='bbox 748 1565 886 1658; x_wconf 84' lang='lat' dir='ltr'>pueris:</span> <span class='ocrx_word' id='word_1_61' title='bbox 921 1581 1096 1655; x_wconf 87' lang='lat' dir='ltr'>reponunt</span> <span class='ocrx_word' id='word_1_62' title='bbox 1127 1567 1302 1637; x_wconf 72' lang='lat' dir='ltr'>recoctam</span> 
     </span>
    </p>
   </div>
   <div class='ocr_carea' id='block_1_5' title="bbox 212 1685 1304 1779">
    <p class='ocr_par' dir='ltr' id='par_1_5' title="bbox 212 1685 1304 1779">
     <span class='ocr_line' id='line_1_10' title="bbox 212 1685 1304 1779; baseline 0.003 -29"><span class='ocrx_word' id='word_1_63' title='bbox 212 1745 217 1750; x_wconf 90' lang='lat'><em>.</em></span> <span class='ocrx_word' id='word_1_64' title='bbox 314 1685 443 1772; x_wconf 80' lang='lat' dir='ltr'>millies</span> <span class='ocrx_word' id='word_1_65' title='bbox 467 1692 628 1764; x_wconf 82' lang='lat' dir='ltr'>crambeu</span> <span class='ocrx_word' id='word_1_66' title='bbox 660 1691 703 1762; x_wconf 91' lang='lat' dir='ltr'>de</span> <span class='ocrx_word' id='word_1_67' title='bbox 725 1687 983 1779; x_wconf 87' lang='lat' dir='ltr'>Scriptoribus‚</span> <span class='ocrx_word' id='word_1_68' title='bbox 1021 1704 1172 1776; x_wconf 87' lang='lat' dir='ltr'>quorum</span> <span class='ocrx_word' id='word_1_69' title='bbox 1195 1701 1304 1776; x_wconf 76' lang='lat' dir='ltr'>opere</span> 
     </span>
    </p>
   </div>
   <div class='ocr_carea' id='block_1_6' title="bbox 312 1803 1308 2026">
    <p class='ocr_par' dir='ltr' id='par_1_6' title="bbox 312 1803 1308 2026">
     <span class='ocr_line' id='line_1_11' title="bbox 314 1803 1305 1902; baseline -0.003 -24"><span class='ocrx_word' id='word_1_70' title='bbox 314 1807 517 1900; x_wconf 77' lang='lat' dir='ltr'>supersunt:</span> <span class='ocrx_word' id='word_1_71' title='bbox 539 1829 687 1898; x_wconf 89' lang='lat' dir='ltr'>quorum</span> <span class='ocrx_word' id='word_1_72' title='bbox 706 1813 902 1902; x_wconf 89' lang='lat' dir='ltr'>perierunt,</span> <span class='ocrx_word' id='word_1_73' title='bbox 929 1808 973 1879; x_wconf 90' lang='lat' dir='ltr'>de</span> <span class='ocrx_word' id='word_1_74' title='bbox 998 1808 1051 1879; x_wconf 89' lang='lat' dir='ltr'>his</span> <span class='ocrx_word' id='word_1_75' title='bbox 1072 1805 1180 1878; x_wconf 82' lang='lat' dir='ltr'>altum</span> <span class='ocrx_word' id='word_1_76' title='bbox 1204 1803 1305 1877; x_wconf 85' lang='lat' dir='ltr'>fileu·</span> 
     </span>
     <span class='ocr_line' id='line_1_12' title="bbox 312 1920 1308 2026; baseline 0 -34"><span class='ocrx_word' id='word_1_77' title='bbox 312 1928 429 1998; x_wconf 89' lang='lat' dir='ltr'>tium:</span> <span class='ocrx_word' id='word_1_78' title='bbox 461 1947 668 2020; x_wconf 79' lang='lat' dir='ltr'>quamquam</span> <span class='ocrx_word' id='word_1_79' title='bbox 701 1934 768 2004; x_wconf 87' lang='lat' dir='ltr'>line</span> <span class='ocrx_word' id='word_1_80' title='bbox 793 1933 917 2004; x_wconf 89' lang='lat' dir='ltr'>horum</span> <span class='ocrx_word' id='word_1_81' title='bbox 941 1927 1164 2026; x_wconf 80' lang='lat' dir='ltr'><strong>cognitione,</strong></span> <span class='ocrx_word' id='word_1_82' title='bbox 1202 1920 1308 1997; x_wconf 84' lang='lat' dir='ltr'>nullo</span> 
     </span>
    </p>
   </div>
   <div class='ocr_carea' id='block_1_7' title="bbox 51 2039 1303 2150">
    <p class='ocr_par' dir='ltr' id='par_1_7' title="bbox 51 2039 1303 2150">
     <span class='ocr_line' id='line_1_13' title="bbox 51 2039 1303 2150; baseline -0.005 -31"><span class='ocrx_word' id='word_1_83' title='bbox 51 2045 58 2054; x_wconf 79' lang='grc'><em>“</em></span> <span class='ocrx_word' id='word_1_84' title='bbox 182 2113 185 2120; x_wconf 82' lang='grc'>,</span> <span class='ocrx_word' id='word_1_85' title='bbox 309 2046 347 2118; x_wconf 83' lang='lat' dir='ltr'>in</span> <span class='ocrx_word' id='word_1_86' title='bbox 379 2045 608 2134; x_wconf 74' lang='lat' dir='ltr'>doilrinarum</span> <span class='ocrx_word' id='word_1_87' title='bbox 635 2069 787 2148; x_wconf 81' lang='lat' dir='ltr'>genere,</span> <span class='ocrx_word' id='word_1_88' title='bbox 822 2057 946 2150; x_wconf 86' lang='lat' dir='ltr'>origo,</span> <span class='ocrx_word' id='word_1_89' title='bbox 986 2039 1190 2144; x_wconf 82' lang='lat' dir='ltr'>progrelius,</span> <span class='ocrx_word' id='word_1_90' title='bbox 1218 2055 1303 2137; x_wconf 81' lang='lat' dir='ltr'>per-</span> 
     </span>
    </p>
   </div>
   <div class='ocr_carea' id='block_1_8' title="bbox 313 2164 1308 2266">
    <p class='ocr_par' dir='ltr' id='par_1_8' title="bbox 313 2164 1308 2266">
     <span class='ocr_line' id='line_1_14' title="bbox 313 2164 1308 2266; baseline 0 -28"><span class='ocrx_word' id='word_1_91' title='bbox 313 2167 440 2252; x_wconf 64' lang='lat' dir='ltr'>iculo,</span> <span class='ocrx_word' id='word_1_92' title='bbox 475 2169 511 2239; x_wconf 90' lang='lat' dir='ltr'>id</span> <span class='ocrx_word' id='word_1_93' title='bbox 535 2167 582 2243; x_wconf 78' lang='lat' dir='ltr'>est</span> <span class='ocrx_word' id='word_1_94' title='bbox 608 2171 779 2259; x_wconf 85' lang='lat' dir='ltr'>Historia,</span> <span class='ocrx_word' id='word_1_95' title='bbox 814 2193 927 2266; x_wconf 85' lang='lat' dir='ltr'>neque</span> <span class='ocrx_word' id='word_1_96' title='bbox 954 2169 1043 2243; x_wconf 82' lang='lat' dir='ltr'>adeo</span> <span class='ocrx_word' id='word_1_97' title='bbox 1069 2168 1224 2261; x_wconf 89' lang='lat' dir='ltr'>ipsorum</span> <span class='ocrx_word' id='word_1_98' title='bbox 1249 2164 1308 2238; x_wconf 77' lang='lat' dir='ltr'>iu·</span> 
     </span>
    </p>
   </div>
   <div class='ocr_carea' id='block_1_9' title="bbox 155 2286 1141 2388">
    <p class='ocr_par' dir='ltr' id='par_1_9' title="bbox 155 2286 1141 2388">
     <span class='ocr_line' id='line_1_15' title="bbox 155 2286 1141 2388; baseline -0.002 -27"><span class='ocrx_word' id='word_1_99' title='bbox 155 2373 158 2378; x_wconf 38' lang='lat'><em>,</em></span> <span class='ocrx_word' id='word_1_100' title='bbox 313 2286 491 2378; x_wconf 84' lang='lat' dir='ltr'>perstitum</span> <span class='ocrx_word' id='word_1_101' title='bbox 509 2287 627 2362; x_wconf 85' lang='lat' dir='ltr'>laudes</span> <span class='ocrx_word' id='word_1_102' title='bbox 646 2287 680 2363; x_wconf 72' lang='lat' dir='ltr'>Gt</span> <span class='ocrx_word' id='word_1_103' title='bbox 700 2294 820 2363; x_wconf 82' lang='lat' dir='ltr'>merite</span> <span class='ocrx_word' id='word_1_104' title='bbox 836 2289 985 2388; x_wconf 85' lang='lat' dir='ltr'>intelligi</span> <span class='ocrx_word' id='word_1_105' title='bbox 1002 2303 1141 2382; x_wconf 84' lang='lat' dir='ltr'>queant.</span> 
     </span>
    </p>
   </div>
   <div class='ocr_carea' id='block_1_10' title="bbox 221 2397 1319 3836">
    <p class='ocr_par' dir='ltr' id='par_1_10' title="bbox 221 2397 1319 3836">
     <span class='ocr_line' id='line_1_16' title="bbox 337 2397 1306 2504; baseline -0.004 -25"><span class='ocrx_word' id='word_1_106' title='bbox 337 2397 462 2481; x_wconf 66' lang='lat' dir='ltr'>‘llaec</span> <span class='ocrx_word' id='word_1_107' title='bbox 491 2433 545 2481; x_wconf 89' lang='lat' dir='ltr'>me</span> <span class='ocrx_word' id='word_1_108' title='bbox 579 2407 791 2483; x_wconf 81' lang='lat' dir='ltr'>differentem</span> <span class='ocrx_word' id='word_1_109' title='bbox 825 2431 931 2504; x_wconf 88' lang='lat' dir='ltr'>quum</span> <span class='ocrx_word' id='word_1_110' title='bbox 956 2407 1143 2502; x_wconf 72' lang='lat' dir='ltr'>aliquando</span> <span class='ocrx_word' id='word_1_111' title='bbox 1169 2399 1306 2480; x_wconf 81' lang='lat' dir='ltr'>audiret</span> 
     </span>
     <span class='ocr_line' id='line_1_17' title="bbox 221 2515 1311 2624; baseline -0.007 -20"><span class='ocrx_word' id='word_1_112' title='bbox 221 2535 226 2553; x_wconf 52' lang='lat'><em>³</em></span> <span class='ocrx_word' id='word_1_113' title='bbox 316 2529 484 2604; x_wconf 85' lang='lat' dir='ltr'>Mahnlus</span> <span class='ocrx_word' id='word_1_114' title='bbox 500 2555 616 2619; x_wconf 89' lang='lat' dir='ltr'>meus,</span> <span class='ocrx_word' id='word_1_115' title='bbox 636 2525 906 2624; x_wconf 85' lang='lat' dir='ltr'>discipulorum,</span> <span class='ocrx_word' id='word_1_116' title='bbox 923 2515 1179 2624; x_wconf 85' lang='lat' dir='ltr'>lllotempore,</span> <span class='ocrx_word' id='word_1_117' title='bbox 1195 2527 1311 2600; x_wconf 78' lang='lat' dir='ltr'>Grae·</span> 
     </span>
     <span class='ocr_line' id='line_1_18' title="bbox 315 2643 1308 2750; baseline -0.002 -29"><span class='ocrx_word' id='word_1_118' title='bbox 315 2659 378 2721; x_wconf 84' lang='lat' dir='ltr'>&#39;cae</span> <span class='ocrx_word' id='word_1_119' title='bbox 413 2651 629 2750; x_wconf 72' lang='lat' dir='ltr'>L&#39;utlrraeque</span> <span class='ocrx_word' id='word_1_120' title='bbox 660 2653 865 2725; x_wconf 70' lang='lat' dir='ltr'>eruditionis</span> <span class='ocrx_word' id='word_1_121' title='bbox 896 2651 1175 2735; x_wconf 85' lang='lat' dir='ltr'>studioliilrmus,</span> <span class='ocrx_word' id='word_1_122' title='bbox 1212 2643 1249 2719; x_wconf 86' lang='lat'>&amp;</span> <span class='ocrx_word' id='word_1_123' title='bbox 1270 2647 1308 2716; x_wconf 79' lang='lat' dir='ltr'>iti</span> 
     </span>
     <span class='ocr_line' id='line_1_19' title="bbox 280 2755 1310 2872; baseline -0.002 -32"><span class='ocrx_word' id='word_1_124' title='bbox 280 2865 282 2872; x_wconf 13' lang='grc' dir='ltr'><em>Α</em></span> <span class='ocrx_word' id='word_1_125' title='bbox 311 2755 465 2843; x_wconf 82' lang='lat' dir='ltr'>Historia</span> <span class='ocrx_word' id='word_1_126' title='bbox 490 2767 697 2844; x_wconf 75' lang='lat' dir='ltr'>literarum.</span> <span class='ocrx_word' id='word_1_127' title='bbox 706 2793 789 2864; x_wconf 88' lang='lat' dir='ltr'>prae</span> <span class='ocrx_word' id='word_1_128' title='bbox 820 2775 964 2844; x_wconf 85' lang='lat' dir='ltr'>caeteris</span> <span class='ocrx_word' id='word_1_129' title='bbox 989 2775 1160 2857; x_wconf 78' lang='lat' dir='ltr'>versatus,</span> <span class='ocrx_word' id='word_1_130' title='bbox 1193 2768 1310 2840; x_wconf 83' lang='lat' dir='ltr'>statim</span> 
     </span>
     <span class='ocr_line' id='line_1_20' title="bbox 314 2889 1309 2986; baseline -0.002 -26"><span class='ocrx_word' id='word_1_131' title='bbox 314 2889 513 2979; x_wconf 87' lang='lat' dir='ltr'>scriptionis</span> <span class='ocrx_word' id='word_1_132' title='bbox 533 2891 730 2983; x_wconf 85' lang='lat' dir='ltr'>hujusmodl</span> <span class='ocrx_word' id='word_1_133' title='bbox 750 2891 929 2968; x_wconf 84' lang='lat' dir='ltr'>confilium</span> <span class='ocrx_word' id='word_1_134' title='bbox 948 2893 1063 2986; x_wconf 78' lang='lat' dir='ltr'>cepit,</span> <span class='ocrx_word' id='word_1_135' title='bbox 1080 2890 1215 2980; x_wconf 81' lang='lat' dir='ltr'>fibique</span> <span class='ocrx_word' id='word_1_136' title='bbox 1232 2907 1309 2958; x_wconf 77' lang='lat' dir='ltr'>rue·</span> 
     </span>
     <span class='ocr_line' id='line_1_21' title="bbox 313 3005 1309 3104; baseline 0.002 -26"><span class='ocrx_word' id='word_1_137' title='bbox 313 3006 432 3078; x_wconf 86' lang='lat' dir='ltr'>teriam</span> <span class='ocrx_word' id='word_1_138' title='bbox 470 3010 583 3082; x_wconf 81' lang='lat' dir='ltr'>sumfit</span> <span class='ocrx_word' id='word_1_139' title='bbox 614 3011 869 3086; x_wconf 81' lang='lat' dir='ltr'>Aristoxenum.</span> <span class='ocrx_word' id='word_1_140' title='bbox 936 3013 1100 3104; x_wconf 86' lang='lat' dir='ltr'>Cumque</span> <span class='ocrx_word' id='word_1_141' title='bbox 1130 3005 1192 3084; x_wconf 86' lang='lat' dir='ltr'>alii</span> <span class='ocrx_word' id='word_1_142' title='bbox 1227 3009 1309 3098; x_wconf 77' lang='lat' dir='ltr'>ejus</span> 
     </span>
     <span class='ocr_line' id='line_1_22' title="bbox 313 3126 1313 3220; baseline 0.009 -25"><span class='ocrx_word' id='word_1_143' title='bbox 313 3126 477 3220; x_wconf 83' lang='lat' dir='ltr'>exemplo</span> <span class='ocrx_word' id='word_1_144' title='bbox 503 3131 643 3204; x_wconf 84' lang='lat' dir='ltr'>excitati</span> <span class='ocrx_word' id='word_1_145' title='bbox 666 3135 709 3204; x_wconf 85' lang='lat' dir='ltr'>ad</span> <span class='ocrx_word' id='word_1_146' title='bbox 733 3135 800 3206; x_wconf 92' lang='lat' dir='ltr'>hoc</span> <span class='ocrx_word' id='word_1_147' title='bbox 819 3131 991 3206; x_wconf 84' lang='lat' dir='ltr'>scribendi</span> <span class='ocrx_word' id='word_1_148' title='bbox 1005 3127 1156 3218; x_wconf 80' lang='lat' dir='ltr'>lludium</span> <span class='ocrx_word' id='word_1_149' title='bbox 1172 3133 1207 3205; x_wconf 90' lang='lat' dir='ltr'>se</span> <span class='ocrx_word' id='word_1_150' title='bbox 1223 3129 1313 3204; x_wconf 80' lang='lat' dir='ltr'>dare</span> 
     </span>
     <span class='ocr_line' id='line_1_23' title="bbox 309 3229 1312 3348; baseline 0 -28"><span class='ocrx_word' id='word_1_151' title='bbox 309 3245 471 3333; x_wconf 70' lang='lat' dir='ltr'>uellent,</span> <span class='ocrx_word' id='word_1_152' title='bbox 511 3273 711 3348; x_wconf 85' lang='lat' dir='ltr'>argumenta</span> <span class='ocrx_word' id='word_1_153' title='bbox 751 3229 797 3326; x_wconf 73' lang='lat' dir='ltr'>eir</span> <span class='ocrx_word' id='word_1_154' title='bbox 827 3256 952 3328; x_wconf 88' lang='lat' dir='ltr'>eodem</span> <span class='ocrx_word' id='word_1_155' title='bbox 986 3249 1312 3344; x_wconf 82' lang='lat' dir='ltr'>Peripateticorum</span> 
     </span>
     <span class='ocr_line' id='line_1_24' title="bbox 308 3365 1315 3471; baseline 0.003 -31"><span class='ocrx_word' id='word_1_156' title='bbox 308 3365 420 3442; x_wconf 75' lang='lat' dir='ltr'>choro</span> <span class='ocrx_word' id='word_1_157' title='bbox 449 3375 493 3444; x_wconf 82' lang='lat' dir='ltr'>lis</span> <span class='ocrx_word' id='word_1_158' title='bbox 519 3375 699 3471; x_wconf 65' lang='lat' dir='ltr'>mignavi,</span> <span class='ocrx_word' id='word_1_159' title='bbox 733 3375 954 3450; x_wconf 83' lang='lat' dir='ltr'>Demetrium</span> <span class='ocrx_word' id='word_1_160' title='bbox 978 3371 1206 3456; x_wconf 79' lang='lat' dir='ltr'>Phalereuul,</span> <span class='ocrx_word' id='word_1_161' title='bbox 1236 3367 1315 3444; x_wconf 63' lang='lat' dir='ltr'>Di⁴</span> 
     </span>
     <span class='ocr_line' id='line_1_25' title="bbox 307 3493 1313 3588; baseline -0.003 -22"><span class='ocrx_word' id='word_1_162' title='bbox 307 3493 534 3581; x_wconf 64' lang='lat' dir='ltr'>marchum,</span> <span class='ocrx_word' id='word_1_163' title='bbox 567 3493 788 3568; x_wconf 82' lang='lat' dir='ltr'>clearchum.</span> <span class='ocrx_word' id='word_1_164' title='bbox 850 3496 920 3570; x_wconf 83' lang='lat' dir='ltr'>Sed</span> <span class='ocrx_word' id='word_1_165' title='bbox 951 3497 1076 3569; x_wconf 86' lang='lat' dir='ltr'>horum</span> <span class='ocrx_word' id='word_1_166' title='bbox 1109 3495 1187 3588; x_wconf 87' lang='lat' dir='ltr'>spes</span> <span class='ocrx_word' id='word_1_167' title='bbox 1218 3505 1313 3564; x_wconf 82' lang='lat' dir='ltr'>mox</span> 
     </span>
     <span class='ocr_line' id='line_1_26' title="bbox 309 3611 1319 3710; baseline 0.002 -25"><span class='ocrx_word' id='word_1_168' title='bbox 309 3619 469 3689; x_wconf 82' lang='lat' dir='ltr'>evanuit:</span> <span class='ocrx_word' id='word_1_169' title='bbox 494 3617 630 3689; x_wconf 84' lang='lat' dir='ltr'>Mahrril</span> <span class='ocrx_word' id='word_1_170' title='bbox 649 3619 865 3710; x_wconf 86' lang='lat' dir='ltr'>propofitum</span> <span class='ocrx_word' id='word_1_171' title='bbox 883 3617 926 3690; x_wconf 81' lang='lat' dir='ltr'>ad</span> <span class='ocrx_word' id='word_1_172' title='bbox 942 3611 1100 3697; x_wconf 72' lang='lat' dir='ltr'>effectum</span> <span class='ocrx_word' id='word_1_173' title='bbox 1118 3614 1319 3708; x_wconf 83' lang='lat' dir='ltr'>pervenit,</span> 
     </span>
     <span class='ocr_line' id='line_1_27' title="bbox 309 3733 1180 3836; baseline 0.007 -35"><span class='ocrx_word' id='word_1_174' title='bbox 309 3733 371 3823; x_wconf 92' lang='lat' dir='ltr'>qui</span> <span class='ocrx_word' id='word_1_175' title='bbox 392 3734 486 3825; x_wconf 90' lang='lat' dir='ltr'>spem</span> <span class='ocrx_word' id='word_1_176' title='bbox 503 3757 574 3808; x_wconf 87' lang='lat' dir='ltr'>uon</span> <span class='ocrx_word' id='word_1_177' title='bbox 586 3735 701 3836; x_wconf 76' lang='lat' dir='ltr'>¹modo</span> <span class='ocrx_word' id='word_1_178' title='bbox 718 3737 893 3829; x_wconf 83' lang='lat' dir='ltr'>expleret,</span> <span class='ocrx_word' id='word_1_179' title='bbox 919 3739 977 3810; x_wconf 88' lang='lat' dir='ltr'>sed</span> <span class='ocrx_word' id='word_1_180' title='bbox 993 3741 1180 3830; x_wconf 76' lang='lat' dir='ltr'>superaret.</span> 
     </span>
    </p>
   </div>
   <div class='ocr_carea' id='block_1_11' title="bbox 306 3847 1383 4076">
    <p class='ocr_par' dir='ltr' id='par_1_11' title="bbox 306 3833 1384 4076">
     <span class='ocr_line' id='line_1_28' title="bbox 358 3847 1320 3957; baseline 0.015 -38"><span class='ocrx_word' id='word_1_181' title='bbox 358 3847 441 3921; x_wconf 87' lang='lat' dir='ltr'>Fuit</span> <span class='ocrx_word' id='word_1_182' title='bbox 455 3857 601 3927; x_wconf 87' lang='lat' dir='ltr'>omniuo</span> <span class='ocrx_word' id='word_1_183' title='bbox 627 3873 770 3951; x_wconf 83' lang='lat' dir='ltr'>maguus</span> <span class='ocrx_word' id='word_1_184' title='bbox 789 3859 826 3926; x_wconf 87' lang='lat' dir='ltr'>lu</span> <span class='ocrx_word' id='word_1_185' title='bbox 847 3861 944 3929; x_wconf 88' lang='lat' dir='ltr'>omni</span> <span class='ocrx_word' id='word_1_186' title='bbox 970 3857 1148 3932; x_wconf 67' lang='lat' dir='ltr'>doctrinae</span> <span class='ocrx_word' id='word_1_187' title='bbox 1173 3873 1320 3957; x_wconf 82' lang='lat' dir='ltr'>genere</span> 
     </span>
     <span class='ocr_line' id='line_1_29' title="bbox 306 3969 1383 4076; baseline 0.01 -35"><span class='ocrx_word' id='word_1_188' title='bbox 306 3969 360 4042; x_wconf 79' lang='lat' dir='ltr'>uit</span> <span class='ocrx_word' id='word_1_189' title='bbox 380 3969 632 4066; x_wconf 83' lang='lat' dir='ltr'>Aristoxenus,</span> <span class='ocrx_word' id='word_1_190' title='bbox 664 3997 774 4070; x_wconf 81' lang='lat' dir='ltr'>eaque</span> <span class='ocrx_word' id='word_1_191' title='bbox 797 3975 899 4054; x_wconf 82' lang='lat' dir='ltr'>laude</span> <span class='ocrx_word' id='word_1_192' title='bbox 922 3981 1040 4076; x_wconf 81' lang='lat' dir='ltr'>peliim</span> <span class='ocrx_word' id='word_1_193' title='bbox 1065 3983 1101 4055; x_wconf 85' lang='lat' dir='ltr'>in</span> <span class='ocrx_word' id='word_1_194' title='bbox 1128 3979 1315 4054; x_wconf 84' lang='lat' dir='ltr'>Veterum</span> <span class='ocrx_word' id='word_1_195' title='bbox 1382 3971 1383 4011; x_wconf 55' lang='lat'>¹</span> 
     </span>
    </p>
   </div>
   <div class='ocr_carea' id='block_1_12' title="bbox 1163 4101 1323 4194">
    <p class='ocr_par' dir='ltr' id='par_1_12' title="bbox 1163 4081 1382 4214">
     <span class='ocr_line' id='line_1_30' title="bbox 1163 4101 1323 4194; baseline -0.009 -18"><span class='ocrx_word' id='word_1_196' title='bbox 1163 4101 1323 4194; x_wconf 70' lang='lat' dir='ltr'>scriptis</span> 
     </span>
    </p>
   </div>
   <div class='ocr_carea' id='block_1_13' title="bbox 0 0 1404 5166">
    <p class='ocr_par' dir='ltr' id='par_1_13' title="bbox 0 0 1404 5166">
     <span class='ocr_line' id='line_1_31' title="bbox 0 0 1404 5166; baseline 0 0"><span class='ocrx_word' id='word_1_197' title='bbox 0 0 1404 5166; x_wconf 95' lang='lat' dir='ltr'> </span> 
     </span>
    </p>
   </div>
  </div>
 </body>
</html>
