2786 5174
210 474 212 482 ·
251 357 265 386 o
301 463 376 530 tao
424 431 816 518 nasamonas
858 427 1220 514 BREVIORES.

301 605 1311 710 morum,modoadmonitioneacpraecepdsmodomusn-

276 744 279 776 ²
302 766 375 818 rum
386 741 570 817 &naturae
584 713 827 812 observatione.
853 737 985 826 Oratio,
1001 755 1086 830 quae
1101 735 1188 810 hanc
1202 757 1312 812 mate·

302 871 384 947 tiam
403 867 490 966 quasi
513 863 618 938 vestit
634 911 645 946 ‚
662 882 714 936 est
727 860 859 960 quidam
868 859 1083 956 aequabiliter
1098 857 1192 974 fusus
1208 881 1312 938 tenos

302 993 567 1098 perspicuitatis,
603 987 793 1078 facilitatis,
830 983 1029 1100 venustatis:
1052 985 1169 1080 quiin
1194 988 1313 1062 verbis

303 1145 346 1198 ac
359 1119 530 1194 sententiis
546 1119 631 1192 miro
646 1113 790 1214 quodam
804 1110 1016 1185 contineatur
1023 1129 1312 1210 temperamento,

306 1243 454 1318 lenitatis
476 1265 553 1316 cum
575 1242 717 1330 robore,
738 1235 912 1324 suavitatis
924 1259 1001 1311 cum
1021 1239 1208 1336 gravitate,
1235 1235 1309 1310 fim-

304 1367 466 1464 piicitatis
492 1389 569 1440 cum
593 1363 812 1442 subiirnitate:
838 1360 878 1438 cie
897 1363 1004 1437 veluti
1017 1363 1197 1462 imaginem
1214 1389 1310 1462 prae·

305 1491 385 1568 beat
400 1491 547 1568 fluminis
563 1491 673 1589 magni
688 1513 728 1564 ac
749 1487 895 1588 limpidi,
910 1491 1041 1564 ,leniter
1064 1489 1220 1589 quidem,
1257 1489 1312 1580 sed

307 1639 386 1696 cum
401 1620 437 1694 vi
447 1619 484 1694 oz
494 1615 641 1694 efficacia
657 1673 666 1700 ,
681 1616 832 1690 labentis.
858 1617 977 1700 Habet
988 1613 1131 1712 denique
1149 1614 1310 1712 significa-

306 1745 435 1819 tionem
453 1742 492 1818 du
509 1743 596 1842 quaii
622 1763 762 1834 vocem,
784 1741 858 1820 veri
877 1741 915 1816 <a
940 1742 1070 1840 magni,
1094 1764 1179 1836 quae
1196 1742 1310 1838 legeo-

304 1887 377 1944 tem
400 1867 554 1964 quemvis
568 1867 792 1942 'non-durum
819 1887 878 1944 aut
899 1867 1057 1942 hebetem
1077 1867 1197 1944 eodem
1217 1863 1312 1940 seusu

305 1995 499 2074 moveat&
515 1995 648 2073 afficiat.
699 1992 863 2086 Equidem
882 1977 1018 2068 memini
1035 2015 1117 2069 met
1130 1990 1217 2088 quod
1234 1990 1309 2064 aiiis

304 2117 390 2197 item
409 2115 584 2204 accidisse,
615 2135 659 2187 ex
688 2113 762 2210 ipsrs
792 2116 927 2194 audivit
957 2119 1062 2216 igitur
1090 2117 1231 2192 memini
1253 2139 1312 2192 me

225 2261 228 2268 ’
305 2245 350 2320 ab
370 2241 468 2339 hujus
492 2240 591 2318 libelii
611 2237 757 2314 tectione
781 2241 947 2338 quondam
969 2242 1017 2316 ita
1046 2241 1239 2335 discedere,
1271 2261 1310 2315 ιιι

304 2387 374 2442 non
397 2342 528 2442 atara
557 2367 680 2450 forum,
717 2364 772 2440 seu
792 2367 908 2442 metor
923 2367 1026 2442 emm
1040 2367 1211 2444 discedere
1232 2366 1313 2442 mn

208 2571 210 2581 Ι
303 2489 449 2566 viderer.
502 2482 681 2584 Ceterum,
706 2493 797 2592 quod
815 2493 849 2566 in
865 2491 965 2568 titulo
981 2495 1064 2566 haec
1080 2491 1227 2568 secunda
1244 2489 1315 2564 edi-

302 2613 359 2692 tio
385 2615 566 2712 castigatior
598 2615 743 2706 dicitur,
795 2619 942 2694 refertur
960 2613 1122 2692 nonnuilis
1159 2615 1244 2690 iocis
1272 2613 1316 2690 ad

301 2738 466 2820 orationis
487 2743 728 2839 proprietatem
744 2727 790 2834 'ac
810 2744 1100 2842 perspicuitatem:
1123 2759 1318 2838 potestque

146 2886 150 2894 ·
300 2866 462 2963 exemplo
489 2865 560 2944 esse
588 2867 656 2939 aiiis
680 2869 788 2941 minus
812 2868 937 2959 dodis,
974 2887 1138 2965 quantum
1171 2864 1251 2961 ipfis
1273 2867 1319 2944 in

173 3019 178 3034 ·
302 3007 445 3087 utraque
472 2987 525 3063 iila
548 2991 705 3066 orationis
729 2992 825 3067 iaude
838 2993 936 3070 studii
958 2990 1153 3088 ponendum
1168 2986 1221 3064 stt.
1248 2989 1318 3064 Su·

302 3131 436 3220 perest,
473 3137 513 3190 ut
537 3115 581 3190 de
610 3117 752 3218 Bentleji
777 3116 922 3216 epistolis
948 3116 1105 3190 dicamus.
1157 3113 1319 3212 scriptae.

301 3241 380 3320 fitnt
400 3254 488 3316 anno
512 3252 627 3338 1708,
652 3246 752 3340 pau-io
771 3261 849 3341 post
868 3239 998 3319 editum
1026 3243 1067 3314 ab
1092 3239 1319 3316 Hemsterhu-

300 3369 350 3452 iio
372 3369 560 3458 Poliucem,
585 3387 687 3466 atque
716 3366 882 3444 eschodis
913 3367 1060 3466 paternis
1089 3393 1167 3444 cum
1194 3367 1317 3442 Ruhn-

302 3491 407 3576 kenio
444 3493 709 3568 communicatae
748 3517 768 3568 a
800 3494 996 3572 'Francisco
1028 3491 1313 3584 Hemsterhusto,

302 3617 436 3692 Tiberii
451 3617 545 3708 fiiio,
571 3617 800 3717 elegantissimi
818 3623 942 3720 ingenii
959 3621 1176 3721 philosopho,
1199 3640 1317 3716 nuper

300 3755 448 3820 mortuo
518 3741 730 3821 Referuntur
760 3746 803 3820 ad
840 3745 951 3847 Elogii
980 3749 1147 3848 quendam
1175 3747 1318 3835 locum,

298 3885 402 3976 quem
422 3863 520 3964 ipsios
542 3873 655 3945 verbis
672 3871 880 3948 ·Ruimkenii
909 3872 1053 3950 referre.
1089 3893 1210 3971 operae
1230 3891 1316 3968 pre·

299 3991 388 4074 tium
417 4009 486 4070 ost:
513 3993 667 4092 „Brevi
693 4014 773 4100 post
806 3995 1020 4080 aRichardo
1034 3997 1211 4094 Bcndejo»
1234 3989 1320 4072 Bri·

293 4141 302 4155 .
838 4121 842 4143 ¹
1178 4173 1207 4220 u
1230 4133 1307 4202 tm·
