2780 5184
57 797 175 890 quiores
204 787 372 880 sensibus,
391 771 478 864 ¹niins
499 785 685 866 nse'nnb'ut
710 812 826 880 ortas,
860 797 996 868 censen·

57 921 134 988 ium.
177 907 223 983 Ec
246 911 383 1004 quidam
408 912 601 1008 angustius,
628 911 767 1004 quidam
789 911 888 983 latins
914 911 993 984 Me-

57 1031 220 1124 nphysene
249 1029 333 1100 sines
355 1030 579 1122 operiebant3
604 1049 643 1102 ut
660 1031 715 1102 vei
743 1031 813 1103 sold
840 1029 993 1103 Ontolo·

57 1152 91 1240 ii
110 1171 178 1220 earn
205 1146 550 1237 circumscriberent,
576 1149 632 1221 vel
652 1135 919 1246 'Theologinm
939 1170 999 1248 nt.-

60 1292 101 1342 ne
121 1265 481 1364 ndeoPsychoiogiam
498 1265 533 1344 dt
549 1269 817 1365 Cosmoiogiern
837 1271 869 1340 ei
890 1266 995 1340 adde·

57 1411 114 1462 nrt.
162 1387 293 1462 Omnes
309 1409 422 1463 nutem
439 1393 475 1461 in
496 1410 539 1461 eo
560 1387 838 1474 consentiebant,
860 1407 899 1457 nt
917 1406 995 1457 eam

57 1511 165 1584 :ientii
186 1498 440 1604 principiorum
468 1507 789 1596 elementorumque
814 1507 993 1598 cognitio·

57 1639 78 1704 {s
95 1630 259 1703 humnnu'e
281 1627 485 1716 definirent3
509 1647 567 1714 ut,
597 1623 888 1719 quemadmodum
911 1624 995 1698 Phi·

60 1752 185 1845 sophia
220 1749 374 1820 omnium
398 1719 622 1820 xcaeterorum
662 1743 904 1832 scientiarum,
949 1745 996 1818 nc

57 1867 267 1962 setaphysrca
288 1867 398 1970 totius
421 1864 671 1958 Philosophiae
694 1838 822 1935 semina
850 1885 890 1936 uc
918 1863 1001 1935 sun·

57 2005 182 2056 ,menta
200 1987 405 2058 contineret.
455 1983 573 2075 Atque
601 1983 667 2056 hnc
691 1982 858 2054 ubertatis
877 1986 994 2056 audio-

57 2103 201 2192 atisque
221 2099 470 2175 existimatione
488 2101 603 2188 adhuc
621 2101 790 2188 florebat,
816 2101 901 2174 licet
917 2103 993 2196 pie·

57 2243 144 2316 tque
169 2220 244 2314 eins
268 2241 382 2313 partes
417 2215 578 2295 firmitate
613 2221 854 2315 evidentinque
882 2221 992 2294 scien·

57 2365 77 2412 e
118 2359 291 2412 carerent.
347 2339 466 2436 Quum
482 2415 484 2418 ,
501 2340 697 2413 finnimtem
728 2339 875 2416 Kantion
910 2339 993 2412 Me·

57 2460 218 2553 thyficae
250 2458 437 2530 conciliare
464 2459 620 2546 studens,
653 2457 689 2532 dc
720 2459 993 2532 'animadvertens

57 2581 98 2654 id
121 2575 297 2668 consequi
316 2597 387 2686 non
406 2577 522 2671 posse,
542 2581 564 2650 fi
581 2574 696 2672 eins&
711 2577 994 2669 amplitudinem,

57 2697 290 2794 cognitionis
304 2699 505 2784 ueritatem,
530 2717 633 2786 quam
650 2695 913 2788 objectiuitarem
930 2713 996 2766 vo·

57 2839 108 2904 tt,
153 2814 318 2885 retinere
347 2811 484 2902 vellet,
515 2837 591 2886 enm
624 2817 774 2907 primunr
809 2813 851 2886 nd
872 2836 994 2907 pnncu

57 2953 218 3018 menta,
243 2931 368 3004 deinde
390 2933 433 3006 nd
460 2937 687 3028 opinionem,
704 2927 994 3025 fttbjectini'ratem

57 3081 111 3154 go
135 3055 295 3137 dicium,
316 3056 519 3153 revocavit:
546 3053 718 3126 elementa
737 3053 843 3146 igitur
869 3053 989 3148 Expe-

57 3180 127 3252 rtid
143 3175 351 3265 antiquiora
371 3173 550 3246 constituit
566 3171 743 3246 duodecim
759 3171 989 3270 Categort'ar,

57 3300 165 3370 duas
186 3291 350 3366 intuendi
369 3294 573 3366 conditiones
584 3289 726 3387 Tempus
743 3288 788 3374 E?
806 3292 1006 3390 Sparsum}

57 3420 134 3490 bus
177 3410 388 3499 erementrs,
421 3411 530 3484 veluti
564 3411 707 3496 formis,
739 3414 808 3486 visa
836 3415 991 3486 sensuum

81 3535 368 3629 Experientiunr
397 3529 506 3602 infusa
539 3529 763 3626 suscipiac'&
789 3525 990 3607 octominu-

80 3655 336 3745 Intelletius3
361 3667 400 3722 ut
429 3665 470 3720 ea
497 3652 668 3744 percipiet
696 3647 728 3718 si
757 3655 889 3748 cogitet
915 3671 988 3724 non
1051 3643 1053 3648 ’
1132 3673 1135 3684 ·

57 3779 111 3850 iia
130 3796 177 3848 re
198 3773 278 3868 ipsu
305 3770 402 3866 sunt,
428 3765 484 3839 sed
502 3767 616 3859 qualia
634 3771 669 3840 in
688 3767 759 3846 illis
778 3767 900 3842 formis
917 3767 991 3842 sor.

57 3921 89 3969 o.
107 3892 308 3965 videntur.
367 3887 438 3962 Iam
469 3905 507 3958 ut
528 3885 591 3959 isto
609 3885 652 3958 de
678 3906 875 3960 commento
901 3891 992 3961 rede

57 4031 208 4097 cetur,
245 4008 312 4080 triu
329 4005 405 4082 sunt
423 4007 689 4101 spedondatnn
710 4007 774 4110 esse
784 4007 901 4107 pofflr,
924 4014 991 4083 nec

463 4119 582 4224 *Ἢ
895 4152 900 4158 ·
933 4127 997 4204 fibi
