2762 5148
359 467 408 548 ⁸6
440 457 671 540 CENSURA
690 455 741 535 11.
764 455 1343 542 APP1AN1AL.Hrsr.rtosr.

359 635 633 742 praestantiaque
662 632 830 713 Editionis
854 632 1073 734 intelligatur.
1134 603 1182 715 Es
1212 638 1346 740 primurn

359 766 406 842 de
434 763 611 855 Auente,
636 759 759 836 deinde
778 759 823 835 de
838 763 958 862 Opere
975 761 1137 840 dicamus.

384 891 585 988 ,Appianus
601 888 746 988 patriam
766 885 886 963 habuit
909 888 1168 982 Alexandriam,
1191 887 1231 964 in
1256 911 1353 987 eaque

357 1017 544 1118 praecipua
561 1015 713 1112 ,quadam
733 1011 800 1114 suit
822 1009 1001 1110 dignitate.
1051 1015 1186 1100 Rubrae
1208 1016 1245 1090 in
1265 1035 1349 1088 caus

354 1143 399 1220 fis
419 1168 485 1243 pro
502 1142 681 1218 Caesarum
702 1137 859 1215 tribunali
880 1140 1020 1240 agendis
1037 1141 1208 1232 versatus,
1235 1139 1350 1215 deinde

354 1295 377 1347 a
411 1267 609 1344 Caesaribus
651 1269 858 1342 Procurator
894 1289 1013 1342 eorum
1053 1263 1256 1343 constitutus
1294 1283 1350 1342 est

267 1471 269 1474 ,
354 1395 459 1471 Idaee
477 1393 571 1492 ipse,
586 1417 653 1470 nec
672 1393 749 1470 satis
774 1389 974 1489 perspicue,
1001 1391 1037 1468 in
1058 1392 1274 1492 praefatione
1287 1415 1348 1470 me·

242 1545 246 1552 ·
355 1541 479 1601 morat.
529 1521 625 1596 Nam
645 1522 689 1596 de
712 1523 813 1596 rebus
839 1519 905 1595 suis
928 1537 1050 1610 antea,
1075 1539 1113 1594 ut
1134 1517 1260 1596 eodem
1281 1523 1347 1598 loco

355 1645 426 1739 sit,
453 1642 665 1745 peculiarem
687 1645 836 1723 libellum
857 1644 1072 1744 vulgaverat.
1121 1647 1281 1722 Caesares
1295 1650 1345 1724 hos

352 1771 458 1852 fuisse
478 1771 689 1870 Trajanum,
717 1771 930 1848 Hadrianum
955 1767 994 1846 dt
1011 1771 1227 1848 Antoninum
1242 1771 1345 1862 Pium,

352 1913 551 1996 temporum
577 1897 703 1976 indicia
727 1895 923 1972 ostendunt.
971 1875 1193 1972 Procuratoris
1218 1892 1346 1996 Caesaris

354 2041 472 2102 autern
506 2025 686 2124 provincia
724 2021 864 2097 videtur
901 2009 1121 2100 Praefectura
1164 2019 1346 2121 Augustalis

351 2151 509 2252 aegypti
527 2145 644 2224 fuisse.

398 2279 594 2354 Romanam
618 2270 808 2350 Historiam
834 2265 927 2348 libris
946 2268 1071 2372 viginti
1093 2269 1133 2348 dr
1157 2271 1345 2351 duobusne

322 2381 325 2390 ¹
348 2387 572 2498 conseripsit,
592 2415 631 2472 ut
654 2397 811 2474 locorum
837 2397 1071 2497 potiusquam
1091 2417 1345 2499 temporumor·

349 2525 466 2601 dinem
491 2525 709 2620 sequereturt
736 2547 847 2620 neque
868 2541 908 2600 ut
932 2545 988 2596 res
1009 2541 1124 2630 gestas
1146 2547 1269 2602 omnes
1290 2541 1368 2596 uus

348 2645 514 2746 deinceps
537 2645 622 2724 serie
647 2649 931 2748 persequeretur,
964 2649 1080 2750 prouti
1102 2653 1256 2750 plerique
1281 2671 1349 2724 orn·

350 2793 413 2852 nes
434 2772 604 2850 Historici
624 2773 806 2862 fecerunta
832 2771 889 2851 sed
916 2793 974 2868 ut,
1000 2777 1181 2851 secundum
1206 2772 1367 2849 meiere-r

350 2915 425 2976 tem
449 2899 658 2996 populorum
683 2895 843 2973 Romano
869 2899 1013 2999 imperio
1034 2897 1284 2998 submissorum,
1308 2897 1350 2976 de

351 3030 455 3102 rebus
474 3021 655 3121 bellisque,
679 3043 767 3119 quae
785 3022 950 3100 Romanis
967 3049 1046 3100 cum
1069 3045 1207 3121 quoque
1226 3025 1347 3126 populo

350 3149 512 3239 fuerunt,
544 3147 766 3248 singularibus
794 3148 885 3224 libris
909 3149 1126 3246 peculiariter
1152 3167 1347 3249 exponeret

351 3277 476 3376 itaque
506 3271 669 3351 librorum
704 3275 792 3350 baec
815 3274 955 3349 fuerunt
981 3291 1195 3373 argumenta
1246 3281 1274 3356 1.
1297 3279 1347 3352 Dt

350 3401 502 3502 aegilam.
550 3399 600 3480 ll.
614 3401 672 3476 De
687 3403 788 3476 rebus
806 3397 942 3476 Italicis.
989 3401 1057 3475 lli.
1077 3402 1136 3474 De
1153 3399 1244 3478 bello
1260 3403 1348 3474 Sam·

195 3501 200 3506 ’
349 3531 468 3614 uitreo.
522 3529 592 3604 ru.
616 3528 675 3604 oe
694 3523 788 3602 rann
814 3523 963 3601 onnes.
1013 3527 1064 3602 v.
1091 3529 1152 3602 ue
1175 3530 1277 3604 renus
1301 3519 1347 3597 st·

265 3719 268 3725 .
349 3657 466 3748 ciliae,
494 3651 690 3743 Sardiniae,
706 3649 884 3746 Corsicae,
903 3655 1046 3745 Cretae,
1066 3652 1189 3752 Cypri.
1218 3653 1284 3730 Vl.
1297 3651 1346 3724 De

348 3781 446 3859 tetus
484 3775 692 3878 irrepentes.
752 3767 838 3854 vlt.
872 3777 930 3854 oe
970 3761 1205 3857 Hannibalico'
1242 3779 1342 3867 netto,

345 3904 436 3994 ¹seu,
476 3893 607 3996 Punico
633 3902 794 3979 secundo.
860 3901 963 3980 Vnt.
997 3907 1056 3980 De
1088 3907 1231 4006 reliquis
1264 3901 1344 3984 belis

347 4023 500 4121 Africis,
518 4027 671 4122 Pistricis,
694 4027 735 4108 ds
750 4025 957 4108 Neandria.
980 4030 1062 4106 tlt.
1080 4031 1141 4105 De
1156 4037 1261 4114 rebus
1276 4035 1345 4107 Mt·

392 4213 397 4222 .
1250 4155 1362 4240 pedo.¹
