2786 5174
49 640 52 660 Β
187 553 191 561 ·
293 520 338 620 14
412 487 706 603 inmanem
732 503 901 596 omna
925 501 1178 593 monasth·

286 729 462 807 scientiam
481 713 695 798 momentum
714 713 891 808 Platonis,
917 737 1085 812 quantum
1101 739 1145 791 ex
1161 735 1207 790 eo
1221 727 1290 792 tc*

288 831 430 924 nustatls
453 865 494 916 ac
511 840 688 915 dosirinae
704 838 879 916 hausissent
894 841 1103 934 posteriores
1121 839 1286 934 Scripto-

286 996 364 1058 res,
388 973 627 1062 quantutnque
648 985 743 1036 nnnc
768 964 871 1034 etiam
888 962 1122 1054 exspesiarent
1139 960 1285 1036 luminis

289 1093 325 1170 dt
343 1087 511 1164 medelae.
561 1079 685 1177 ltaque
701 1083 829 1158 saslum
849 1082 916 1173 est,
942 1103 982 1156 ut
1005 1104 1049 1154 ex
1073 1081 1197 1156 horum
1215 1105 1284 1158 nu·

287 1237 387 1292 meto
407 1207 576 1306 quosdam
593 1204 783 1300 eligerem,
800 1225 890 1298 quos
909 1215 952 1274 ex
967 1198 1159 1297 Veterum,
1176 1208 1283 1278 maxi-

287 1359 346 1410 me
370 1331 549 1420 Platonis,
577 1324 737 1402 sontibus
767 1325 978 1420 corrigerem
1005 1315 1041 1395 dc
1066 1321 1284 1401 illustrarem.

286 1459 337 1544 lli
360 1458 501 1532 suerunt
523 1447 754 1532 Plutarchus,
784 1437 966 1538 Julianus,
993 1445 1172 1538 Synesrus:
1198 1452 1282 1527 dum
1330 1445 1333 1453 '

283 1577 420 1658 interea
447 1570 589 1646 vicilhm
620 1565 681 1640 ad'
702 1565 885 1639 Platonem
917 1585 1150 1655 annotarem,
1191 1589 1283 1664 quae

139 1673 143 1682 ¹
282 1698 379 1802 apud
394 1693 483 1768 alios
500 1687 589 1762 lesia
607 1687 745 1762 adeum
763 1687 937 1782 pertinere
951 1687 1161 1764 viderentur.
1210 1693 1285 1765 Sed

281 1813 464 1894 Plutarchi
480 1834 587 1888 unum
603 1809 689 1882 mihi
705 1811 955 1904 proposueram
972 1806 1141 1882 edendum
1153 1809 1284 1886 librum

284 1939 347 2016 De
375 1938 460 2010 Sera
488 1934 654 2031 Numinis
687 1929 878 2018 Vindislat
917 1951 1049 2024 quum,
1080 1933 1205 2024 scripta
1236 1933 1289 2005 acl

283 2045 537 2137 Ruhnkenium
561 2051 720 2150 Epistola
744 2051 899 2138 Critica,
925 2051 983 2124 hic
1000 2072 1053 2122 me
1067 2051 1109 2120 al
1126 2049 1281 2126 aliorum

284 2165 442 2256 editione
465 2167 502 2244 dt
526 2171 709 2265 proposito
732 2173 881 2256 avertit,
912 2165 1007 2241 &ad
1021 2189 1127 2245 unum
1145 2173 1286 2248 Pltttat⁴

284 2273 392 2377 chum
412 2295 598 2370 convertit.
649 2289 754 2391 Ergo
766 2291 896 2365 librum
916 2291 1020 2366 illum
1045 2289 1225 2366 Plutarchi
1245 2299 1286 2370 in

284 2406 462 2518 specimen
485 2430 607 2488 notae¹
630 2413 795 2488 editionis
832 2415 989 2488 omnium
1013 2413 1110 2488 illius
1135 2440 1288 2510 operum

283 2541 403 2645 edidi,
429 2560 500 2612 non
528 2537 689 2632 dubitans
705 2537 790 2629 quin
811 2551 888 2608 eam
906 2536 963 2608 vel
980 2537 1169 2613 subsecivis
1186 2539 1289 2616 horis

284 2665 376 2738 intra
398 2661 598 2756 proximum
630 2657 837 2735 decennium
863 2656 1032 2730 adfinem
1056 2659 1289 2752 perducturus·

282 2781 398 2859 ellam.
432 2780 535 2880 Quae
550 2801 606 2852 me
630 2781 754 2871 opinio
768 2778 994 2853 vehementer
1009 2777 1154 2854 fefellit.
1179 2783 1288 2856 Abiit

282 2900 492 2974 decennium
514 2923 641 2990 unum,
667 2899 837 2995 alterum,
855 2899 1017 2972 tertiumt
1043 2919 1111 2974 nec
1124 2893 1183 2974 nih
1198 2901 1284 2978 Mo·

191 3117 195 3124 ²
284 3021 423 3096 ratium
447 3019 509 3096 illa
534 3023 688 3114 quinque
708 3014 900 3096 Volumina
916 3017 1134 3114 prodierunt.
1184 3021 1287 3096 Nam

283 3143 457 3214 continuo
472 3139 515 3212 ab
538 3139 599 3212 illa
621 3139 711 3214 libri·
722 3137 782 3214 De
806 3139 903 3216 Stra
920 3135 1090 3217 Numinis
1116 3129 1288 3220 Wadisia

137 3271 140 3280 '
282 3261 464 3350 editione,
490 3265 525 3335 in
551 3283 682 3340 novum
708 3261 816 3336 incidi
839 3266 932 3338 vitae
955 3275 1083 3362 genus:
1109 3264 1290 3358 professo·

281 3387 374 3460 rium
399 3406 456 3457 me
480 3407 604 3461 munus
635 3406 679 3458 ex
712 3383 783 3458 alio
808 3383 974 3479 deinceps
1000 3387 1094 3462 aliud
1116 3391 1288 3482 excepit,

180 3547 183 3556 =
282 3503 561 3600 unumquodque
584 3503 643 3578 sua
667 3503 729 3576 stbi
757 3505 914 3579 nouitate
938 3529 1175 3608 omnemenm
1191 3525 1288 3578 tem·
1382 3577 1383 3582 ,

281 3617 563 3724 ρυε’νίηάῐἐαηε.
611 3622 793 3698 Incidebnt
823 3625 968 3702 subinde
994 3631 1170 3704 necellrtas
1189 3626 1293 3699 alia-
1381 3715 1382 3726 ἢ

281 3769 360 3824 rum
378 3748 627 3842 scriptionum,
653 3767 732 3821 cum
750 3745 941 3840 editarum,
959 3753 1032 3827 tum
1051 3749 1296 3840 ineditarum,
1381 3729 1382 3759 ³

281 3847 369 3966 quas
389 3869 447 3944 hic
474 3869 652 3942 recensere
675 3865 724 3938 nil
748 3869 893 3958 attinet,
918 3891 985 3942 nec
1012 3865 1098 3940 mihi
1116 3889 1185 3942 nec
1202 3869 1295 3942 aliis
1380 3893 1381 3929 l

173 4012 175 4016 ·
276 3989 326 4101 ad
349 3987 606 4090 proficiendum
630 3987 771 4083 quidem
790 3989 988 4082 inutilium,
1013 3987 1206 4068 Plutarcho
1228 3990 1299 4062 de·

1071 4118 1075 4130 '
1235 4113 1298 4186 bi·

1376 4317 1378 4442 l

1374 4481 1377 4611 l

1039 4732 1043 4748 ·
1373 4627 1376 4792 l

1191 4793 1375 4990 ,l

1364 4973 1374 5124 l
