2762 5148
220 423 226 438 ·
312 385 363 520 'qr
397 407 628 492 cantura
644 404 689 482 11.
713 401 907 482 mnam
922 407 998 486 nt.
1023 407 1299 492 nisi-:non

318 583 456 682 rexisse,
481 583 516 660 id
540 606 609 658 non
631 580 731 658 aliter
756 580 898 680 intelligi
917 583 1046 674 debet,
1080 583 1142 661 nifi
1160 583 1254 683 quod
1280 584 1310 660 ei

317 708 393 784 viro
413 733 434 782 a
457 706 651 804 bibliopolis
673 709 887 782 commissum
913 707 1018 782 fuerit
1044 711 1224 808 negotium
1243 711 1309 810 pla·

316 833 471 935 gularunl
497 859 516 910 c
541 835 637 934 prelo
664 834 1037 941 priorumcxeuntium
1061 840 1104 910 ab
1133 861 1312 937 operarum

318 961 438 1038 erratis
463 961 731 1060 purgandarum.
777 961 818 1034 Iu
845 985 913 1060 quo
936 960 1074 1059 quidem
1105 981 1249 1036 munere
1268 963 1316 1036 ita

321 1082 467 1190 fideliter
484 1088 635 1164 versatus
655 1087 790 1164 Tollius
807 1105 877 1177 est,
903 1105 962 1176 ut,
987 1087 1316 1184 quoniamsteplta·

319 1211 431 1291 nicam
457 1208 651 1298 Editionem
679 1213 861 1310 tenentum
892 1209 1095 1308 bibliopolae
1117 1211 1321 1300 voluerant,

320 1334 592 1436 lon'gevplurima
619 1361 755 1435 quoque
780 1359 826 1412 ex
851 1335 920 1429 eis,
956 1363 1043 1435 quae
1067 1357 1250 1436 operarum
1268 1357 1318 1408 er-

255 1471 271 1480 ''
322 1461 456 1542 rareio
478 1460 532 1537 illa
552 1456 712 1538 diditione
735 1480 880 1560 peccata
902 1464 1059 1549 fuerant,
1090 1461 1223 1568 summa
1247 1460 1315 1535 reli·
1338 1449 1340 1454 ’

295 1585 426 1685 'gione
445 1586 717 1670 conservaverit,
742 1607 845 1688 atque
871 1607 910 1664 ut
935 1587 1076 1683 eosdem
1097 1586 1315 1684 stephanitae

307 1691 497 1792 JEditionit
511 1736 643 1789 errores
659 1739 727 1792 non
750 1713 850 1790 nimis
865 1735 990 1810 magno
1007 1711 1144 1790 cumulo
1169 1709 1316 1811 proprio·

323 1859 401 1916 tum
443 1861 624 1931 errorum,
671 1859 834 1941 quantum
878 1839 1036 1934 equidem
1080 1835 1317 1928 animadverti,

324 1959 469 2036 auxerit.
517 1965 695 2042 Professus
715 1983 768 2036 eet
788 1961 822 2036 in
841 1962 940 2038 titulo
962 1961 1037 2038 libri
1058 1963 1214 2054 Tollius,
1238 1963 1315 2036 Her·

326 2083 388 2157 tici
410 2086 564 2182 Stephani
583 2113 624 2164 at
645 2089 800 2164 duiletum
823 2090 1021 2188 quorumdam
1041 2095 1181 2166 virorum
1194 2089 1318 2188 soledos

325 2209 553 2288 Annotationet
567 2236 599 2292 ,a
613 2211 655 2304 se
671 2212 812 2305 odiebat
832 2211 909 2313 esst.
945 2217 991 2290 Et
1008 2217 1068 2292 hat
1087 2215 1229 2315 quidem
1243 2237 1315 2290 cour

290 2337 464 2464 stertui,
499 2338 561 2414 suo
583 2336 736 2438 quasque
765 2340 873 2432 loco,
919 2337 1033 2416 statim
1066 2332 1227 2441 subjicit3
1258 2363 1317 2438 quo

326 2461 564 2538 commoditati
584 2464 769 2563 legentium
799 2464 889 2544 haud
913 2486 1034 2562 parum
1057 2465 1178 2566 utique
1200 2463 1319 2544 consul·

327 2603 403 2664 tun
418 2604 490 2664 cat:
507 2585 546 2662 dt
564 2592 706 2680 vellem,
729 2590 821 2664 idem
837 2583 935 2664 nobit
949 2588 1066 2662 facere
1081 2589 1115 2667 in
1132 2595 1198 2670 bac
1211 2609 1320 2666 nostra
1366 2641 1367 2646 ,

327 2711 488 2792 Editione
520 2737 584 2809 per
609 2713 717 2790 variar
742 2713 894 2800 caussas,
919 2735 1000 2808 quas
1024 2714 1067 2786 nil
1093 2715 1215 2792 attinet
1241 2733 1321 2784 enu-
1366 2723 1367 2804 Ῑ

329 2861 482 2926 merare,
507 2837 668 2912 licuisset.
717 2839 786 2913 Sed
799 2837 881 2914 illud
903 2841 1052 2916 maximo
1068 2835 1248 2934 legentium
1271 2831 1336 2928 ins.

332 2961 515 3042 commodo
541 2941 668 3038 'Editor
690 2961 747 3040 hic
768 2961 892 3056 lecit,
925 2983 964 3040 ut
992 2985 1059 3036 nec
1090 2962 1138 3034 Η.
1162 2953 1320 3056 Stephani

223 3121 226 3126 ·
331 3107 398 3164 nec
424 3087 880 3166 aliorumAnnotationibus
911 3090 1046 3170 nomina
1072 3084 1247 3194 mdiorum
1262 3076 1320 3154 bd-

329 3211 512 3313 scripserit.
563 3211 616 3287 Ita
637 3213 699 3306 fit,
725 3235 764 3288 ut
786 3213 811 3289 st
834 3241 921 3314 quae
939 3215 1081 3295 subinde
1101 3217 1190 3292 bene
1217 3205 1322 3284 obser·

333 3359 415 3416 vata
432 3357 492 3414 aut
512 3339 694 3436 perspecte
711 3341 892 3420 emendata
906 3341 939 3418 in
959 3341 1021 3418 illis
1045 3330 1322 3439 deprehenderit,

332 3464 468 3544 cuinam
502 3466 693 3542 mortalium
727 3470 813 3544 haec
837 3487 984 3564 accepta
1016 3466 1140 3542 debeat
1176 3461 1321 3541 referre,

333 3590 471 3674 nescias.
518 3591 693 3668 Nimirum
718 3597 785 3670 ltoc
807 3590 915 3687 ipsum
942 3589 1110 3689 spedlasse
1136 3577 1322 3688 praecluis·

332 3721 453 3822 fimum
473 3717 565 3793 illum
593 3715 770 3803 Editorem
802 3693 894 3792 baud
917 3717 1062 3794 obscure
1095 3732 1258 3814 apparet,
1290 3721 1324 3780 ut

333 3840 493 3943 quoniam
518 3841 595 3916 satis
618 3841 722 3918 etiam
746 3839 817 3939 ipse
841 3837 1065 3938 fignificavit,
1098 3839 1173 3918 suas
1197 3851 1321 3936 quoque

334 3961 657 4072 Animadvetstoncs
669 3967 720 4063 (in
736 3965 847 4062 prima
868 3984 964 4044 certe
983 3963 1099 4065 parte)
1124 3967 1320 4067 reliquorum

689 4100 692 4106 ’
994 4076 997 4116 ²
1207 4085 1318 4164 dodio·
