2786 5174
547 711 562 745 Ν
686 743 689 750 .

99 782 216 860 eaptus,
243 751 475 852 ramerius,
508 783 547 839 ut
571 748 675 837 me'a
700 765 845 838 neminis
876 787 1039 860 umquam

99 889 247 984 congressu
262 885 420 960 affectum
438 887 552 960 abiiffe
568 891 803 961 memineram.
829 885 921 960 Tum
940 909 1042 982 repu-

100 1027 164 1077 ems
177 1009 254 1100 apud
278 1030 335 1080 me
359 1008 443 1102 quid
470 1007 714 1096 maduisset,
741 1032 814 1102 quo
846 1031 901 1080 me
928 1028 1042 1080 tanto·

97 1145 166 1217 pere
180 1131 330 1221 cepides,
356 1133 460 1220 etiam
482 1129 594 1216 aliud,
620 1129 918 1224 praeterstudium
941 1129 1041 1203 Lite·

98 1267 210 1335 rmum,
238 1250 394 1342 reperisse
418 1253 502 1322 mihi
527 1251 680 1324 videbar.
738 1251 831 1324 Nam
864 1271 937 1322 erat
973 1250 1044 1322 hoc

96 1369 217 1458 quidem
243 1369 476 1443 validiffimum
505 1371 547 1442 ed
572 1389 735 1470 amorem
757 1370 1042 1473 invitamentum,

94 1485 257 1561 studiorum
275 1495 491 1564 cummunio.
527 1489 708 1564 Placuerat
725 1489 828 1576 mihi,
846 1488 943 1584 quod
960 1487 1040 1575 Tu,

96 1613 231 1697 quamvis
255 1617 372 1687 versus
394 1603 545 1700 faciem,
572 1631 687 1684 tamen
703 1609 825 1704 prosae
842 1607 876 1683 dr
893 1607 1044 1683 Cicero·

97 1729 142 1800 ris
157 1731 229 1803 erres
241 1733 425 1816 studiosum
451 1733 555 1818 Tibi,
581 1731 678 1823 quod
692 1753 781 1830 ego,
799 1733 956 1824 quamvis
971 1749 1046 1804 nou

93 1847 208 1924 faciem
228 1855 362 1938 versus,
391 1873 503 1924 temen
527 1831 645 1949 poetis
669 1853 815 1930 multum
842 1853 1046 1926 tribuerem.

94 1965 185 2064 Quos
201 1972 251 2072 Tu
268 1973 401 2071 legeras
424 1975 601 2061 auderes,
622 1977 693 2048 vhos
719 1973 753 2048 dc
775 1997 843 2072 ego
869 1973 1043 2070 legeram:

91 2087 184 2181 igitur
198 2091 285 2180 loci,
312 2113 403 2186 quos
420 2093 507 2167 alter
522 2097 717 2188 proferret,
743 2097 841 2169 alteri
857 2115 929 2166 uon
947 2111 1045 2191 eraut

91 2206 217 2302 ignoti:
250 2209 403 2286 &erunt
427 2213 620 2308 ejusmodi,
654 2239 692 2291 ut
722 2207 876 2293 nostrum
908 2193 1048 2308 utrique

90 2326 275 2418 placerent:
311 2333 398 2404 haec
429 2336 530 2407 nobis
556 2337 623 2408 fuit
647 2341 786 2410 materia
810 2329 1048 2430 συμπαθείας,

88 2452 230 2539 quaeest
254 2475 331 2545 pars
352 2459 492 2529 amoris.
541 2455 598 2526 Tu
621 2457 832 2530 Graecarum
852 2453 1048 2528 Literarum

88 2589 161 2640 eras
177 2573 416 2662 cupidiffimus:
444 2599 511 2676 ego
536 2577 748 2667 aliquantum
767 2578 801 2645 in
822 2579 864 2647 iis
883 2575 1048 2678 profece-

85 2708 168 2759 ram.
217 2689 271 2764 Tu
289 2715 342 2764 me
356 2718 464 2770 amare
482 2695 672 2770 videbaris:
700 2693 769 2764 hoc
798 2713 950 2796 umorem
968 2711 1051 2784 erga

83 2808 136 2883 Te
148 2811 236 2884 mibi
258 2815 425 2904 faciebam
452 2837 495 2892 ut·
515 2815 563 2888 est
580 2814 828 2908 proverbium,
856 2813 931 2912 ἔρως
951 2807 1051 2888 ἄντί·

80 2961 163 3028 puru
176 2937 303 3013 rium
333 2921 641 3025 Huc'accedebat‚
662 2933 968 3028 quodTu‘bonus
986 2937 1053 3006 hd·

77 3079 131 3129 mo
152 3081 246 3165 eus„
274 3057 311 3134 dr
340 3083 395 3131 me
419 3064 502 3132 item
525 3057 590 3132 effe
616 3058 706 3130 haud
731 3057 925 3130 dubitares:
953 3055 1050 3126 dice·

74 3197 159 3264 rem,
196 3175 245 3262 ἐᾷ
268 3203 334 3280 ego
357 3181 441 3254 item
465 3181 569 3257 bonus
593 3203 717 3269 eram,
750 3177 817 3252 nib·
844 3176 887 3261 de
914 3175 1051 3268 seipso

72 3297 155 3371 haec
176 3303 350 3394 profeffio
376 3304 525 3396 speeiem
544 3301 695 3373 levitatis
711 3301 837 3372 habere
853 3301 1052 3392 pu't'aret'ur:
1082 3362 1085 3368 .

69 3443 229 3520 magnum
246 3429 350 3499 enim
365 3423 538 3516 quoddam
559 3423 629 3497 boe
643 3409 711 3510 est,
737 3423 861 3496 bunum
879 3417 1052 3492 hominem

68 3538 145 3636 effe,
171 3541 314 3622 &vere
333 3545 464 3618 dicitur
491 3541 652 3647 χαλεπὸν
675 3537 794 3626 imru
816 3540 981 3639 ἕμμενωὲε
1008 3523 1053 3606 ab

66 3664 139 3738 aliis
162 3673 339 3748 tributam
377 3669 439 3740 fibi
472 3669 561 3740 hanc
585 3665 721 3740 laudem
754 3663 914 3755 accipere
939 3658 1049 3730 licet:

62 3787 233 3867 eruditum
251 3795 292 3867 se
311 3789 406 3876 effe,
433 3784 468 3860 dt
493 3791 605 3881 ipsum
634 3787 821 3885 profiteri,¹
838 3779 980 3876 puerilis
1005 3779 1052 3854 est

62 3913 241 3986 vanitatis:
268 3935 370 3996 nec,
387 3911 430 3982 ab
448 3909 524 3982 aliis
543 3905 711 3983 tributum
728 3907 907 3997 accipere,
927 3901 1056 3975 invidia

62 4052 160 4109 caret.
185 4035 311 4110 Certo
329 4030 579 4118 amicitia,nisr
598 4031 688 4099 inter
703 4025 837 4112 bonos,
849 4025 1055 4116 effenc'quit.

566 4145 662 4220 ee,
705 4184 709 4200 ,
983 4137 1058 4214 Mi.
