2800 5166
302 373 427 528 Ιιω
613 436 1082 530 EPISTOLA

356 693 383 740 ‚,
409 641 594 722 lectionem
612 645 756 741 cognitu
776 640 998 737 dign'iffimam
1021 654 1183 712 notarum
1201 641 1322 722 inedito,

357 815 385 854 ‚,
411 787 485 842 rum
512 765 555 840 ab
580 757 738 836 Henrico
763 761 901 840 Valesto
916 765 951 834 in
969 765 1123 858 margine
1140 765 1324 858 exemplatit

358 933 387 976 „
411 881 559 962 Lucinni
569 875 792 977 scripta'rum,
806 882 901 974 quod
917 886 1068 956 servatur
1078 885 1112 955 in
1126 879 1324 966 bibliotheca

302 1055 305 1062 .
359 1051 387 1092 „
412 1001 556 1095 publica
587 1005 684 1078 urbis
713 1001 907 1090 Aureliae,
952 1002 1095 1093 ipseque
1129 1001 1325 1082 Villoisonus

357 1169 385 1210 „
411 1120 489 1197 inde
517 1119 729 1215 descripfit.’¹
780 1119 878 1198 Haec
904 1122 964 1196 ille
988 1124 1030 1196 de
1054 1127 1269 1219 vivor'cujns
1290 1147 1325 1202 ut

213 1277 215 1282 ’
357 1247 485 1322 mortui
506 1245 718 1318 mentionem
735 1245 821 1318 lacit
837 1247 872 1316 in
894 1244 960 1316 fine
976 1243 1057 1316 libri
1081 1266 1119 1337 p.
1139 1246 1220 1340 236.

406 1363 477 1438 Sed
494 1387 603 1457 quum
627 1367 751 1446 unicus
779 1366 919 1460 superfit
936 1364 1049 1450 codex
1068 1365 1326 1458 scriptorium.

356 1489 430 1563 nini
447 1485 619 1560 Liberalis
637 1482 672 1558 dt
688 1485 886 1574 Parthenii,
917 1509 961 1559 ex
986 1507 1058 1577 quo
1081 1485 1249 1558 editiones
1270 1505 1325 1554 nor

356 1609 442 1680 {irae
458 1609 651 1692 fluxerunt,
670 1609 769 1698 isque
785 1605 896 1680 codex
914 1607 1063 1698 primum
1076 1608 1112 1678 in
1130 1605 1325 1680 bibliotheca
1379 1611 1382 1622 '

358 1720 642 1825 Heidelbergeuli
675 1726 808 1816 suerit,
842 1749 952 1818 eaque
984 1726 1108 1806 vastata
1131 1725 1271 1802 Romen
1293 1725 1324 1794 in

358 1843 563 1920 Vaticanum
591 1849 751 1934 venerit,
786 1847 936 1940 indeque
966 1865 1081 1938 nuper.
1104 1845 1140 1914 in
1166 1843 1326 1933 Parilinam

242 1951 245 1956 ⁵
359 1965 540 2043 translatus
566 1967 633 2052 fit,
668 1969 969 2058 operaepretium
997 1965 1085 2036 fecit
1107 1964 1326 2036 erudiriffimus

244 2063 246 2068 ⁵
311 2075 320 2090 ⁸
358 2085 461 2178 hujus
494 2083 672 2178 Epistolae
697 2083 859 2175 Scriptor.
891 2082 956 2158 illo
982 2081 1106 2159 codice
1132 2081 1325 2154 recensendo

358 2227 395 2296 p.
417 2211 567 2290 r-oo,
594 2203 737 2298 ejusque
757 2205 946 2298 scripturae
962 2203 1145 2296 fimulacro
1162 2199 1327 2284 referendo

357 2344 400 2394 ex
418 2319 535 2394 tabula
551 2343 649 2404 actea
669 2323 823 2416 expresso
848 2345 885 2416 p.
903 2347 962 2420 27.

392 2439 621 2526 Librorum,
647 2465 737 2536 quos
754 2441 869 2526 codeu
885 2447 1012 2534 habet,
1039 2447 1097 2520 hic
1116 2447 1166 2520 cll
1184 2467 1328 2522 numerus

360 2557 396 2632 dc
413 2560 519 2633 ordo:
545 2561 719 2659 Anonymi
736 2565 894 2659 Periplus
910 2566 1014 2642 Ponti
1032 2565 1179 2646 Euxini.
1212 2568 1328 2644 Arrio

357 2704 425 2766 nus
440 2679 482 2755 de
494 2679 701 2761 Venerione.
737 2686 903 2780 Ejusdem
920 2686 1077 2782 Periplus
1086 2689 1195 2771 Ponti
1206 2689 1330 2766 Euxini.

359 2793 527 2895 Ejusdem
535 2804 811 2898 PeriplusMnris
829 2797 1024 2900 Erythiaei.
1049 2811 1238 2888 Hannonis
1251 2807 1332 2883 Pena

358 2922 451 3016 plus.
486 2921 813 3022 Philotimorum,
833 2930 1217 3020 dellluudlMiraculie
1245 2927 1333 2998 Stre·¹

359 3045 455 3117 bonit
471 3045 758 3125 Chrestontathia.
795 3045 1028 3133 Plutarchus,
1055 3054 1117 3142 qui
1138 3052 1275 3131 dicitur,
1297 3043 1334 3114 da

357 3163 591 3240 Fluminibus.
644 3165 833 3266 Baradenii
874 3167 1101 3240 Narrationes
1136 3165 1336 3244 Amatorlae.

357 3287 549 3380 Antonini,
567 3285 746 3366 Liberalis
777 3288 1112 3380 Metamorphoseon
1158 3287 1338 3366 Collediio,

358 3405 548 3502 Hesychius
564 3407 763 3506 Illastriut,
781 3407 825 3480 de
841 3395 986 3502 Origini
1004 3405 1338 3500 Constantinopolis,

358 3525 511 3628 Phlegon
520 3527 552 3602 Τ
547 3531 744 3617 tullianus
762 3528 984 3602 deNlirondis
1001 3527 1126 3612 rebus,
1147 3525 1185 3602 dc
1204 3523 1339 3599 homini·

356 3647 421 3717 bus
437 3648 628 3745 longaevis.
649 3651 839 3744 Ejusdem,
856 3649 898 3720 de
916 3647 1204 3742 olympiadibus.
1231 3641 1342 3740 Apelle
1385 3727 1386 3732 ,

357 3764 410 3837 nit
404 3762 597 3842 Historiae
613 3769 809 3852 Mirabiles.
836 3768 1006 3864 Antigoni
1016 3766 1259 3862 carystiillnt
1262 3767 1344 3846 oriae

285 3875 303 3924 ⁹
356 3881 594 3964 incredibiles.
641 3885 870 3986 Hippocralit
884 3887 1072 3989 Epistulae.
1117 3881 1344 3985 Themisstciir

250 4043 254 4056 .
1260 4003 1340 4108 Epi
