2786 5174
362 517 407 576 Ν,

364 696 445 768 dere
487 693 713 771 decredimus.
787 691 868 769 lluc
915 685 1104 768 accedebtt
1137 687 1332 791 'Hengllius

366 817 498 918 noller,
526 817 667 890 subinde
690 816 846 914 flagitans
862 833 900 889 ut
920 817 981 888 ibi
997 813 1241 889 Bibliothecae
1256 817 1331 888 Cri·

204 915 232 978 '-
368 941 458 1008 ricae
484 935 660 1008 Volumen
678 937 836 1010 Tettirm
863 957 908 1010 ne
931 939 1131 1010 inchoatum
1156 937 1328 1028 relinque·

346 1071 468 1141 rem,
510 1055 568 1126 sed
608 1053 732 1126 additis
770 1053 902 1130 duabus
943 1053 1100 1128 Partibus
1142 1057 1331 1149 explerem.

365 1175 507 1274 Agnovi
531 1171 661 1245 caussae
684 1175 757 1246 viru
778 1171 813 1258 br
837 1174 1068 1247 honestatemt
1095 1177 1327 1270 promisisse,

303 1314 307 1320 ’
366 1299 389 1370 fi
417 1293 556 1388 quando
579 1315 636 1367 aut
651 1293 850 1369 Plutarchei
866 1299 983 1390 operis
996 1299 1248 1390 perpetuitate,
1274 1316 1329 1370 aut

366 1417 516 1490 aliorum
532 1401 721 1490 studiorum
738 1416 912 1505 satietate,
928 1437 968 1493 ut
984 1417 1183 1504 lieri-solet,
1210 1415 1329 1488 delati·

366 1559 489 1638 gatus,
514 1539 674 1610 materiae
694 1539 847 1609 novitate
871 1533 1267 1612 &variandislaborum
1283 1539 1329 1609 vi·

370 1649 470 1736 cibus
501 1663 652 1742 animum
685 1655 753 1727 alia
788 1657 979 1750 scriptione
1001 1677 1155 1730 recreare
1185 1657 1329 1740 vellem,

370 1785 545 1856 materiam
564 1779 762 1874 scriptionis
785 1777 1039 1851 bibliothecam
1057 1777 1225 1880 §ducam
1245 1777 1332 1850 futu·

371 1921 500 1978 turum.
555 1898 626 1970 Sed
653 1901 723 1972 hoc
748 1899 918 1993 eJusmodi
944 1903 1036 1987 erit,
1069 1921 1136 1986 ut,
1168 1899 1191 1969 sr
1217 1897 1334 1985 sorte,

229 2062 231 2067 ·
369 2013 831 2113 expletoboevmuuine,
856 2020 894 2091 in
917 2015 1041 2090 eodem
1062 2017 1253 2112 scriptionis
1270 2035 1336 2111 ge·

368 2161 451 2214 nere
474 2159 619 2236 pergere
640 2136 775 2227 velim,
808 2161 879 2213 uon
904 2162 959 2212 me
984 2140 1097 2216 rursus
1120 2143 1156 2212 iu
1180 2133 1335 2209 eamdem

369 2259 607 2354 quadripartiti
617 2255 813 2330 Voluminls
828 2257 991 2353 explendi
1006 2259 1236 2332 neceffitarem
1252 2276 1336 2330 con·

371 2378 533 2465 cludam,
551 2376 608 2449 sed
625 2379 799 2471 integrum
822 2379 906 2451 mibi
924 2378 1092 2453 reservem
1106 2379 1279 2474 iudicium
1296 2377 1337 2449 de

206 2475 211 2486 ’
294 2502 299 2512 “
372 2501 524 2576 Patrium
550 2521 718 2590 numero,
754 2521 793 2574 ut
816 2505 851 2574 in
875 2501 1047 2596 postrema
1070 2503 1190 2594 quavis
1217 2501 1338 2584 Parte,

368 2641 545 2716 tamquam
562 2623 804 2714 finitoopere,
824 2623 974 2696 definere
989 2623 1125 2697 liceat-¹
1156 2619 1272 2696 'Allia
1288 2620 1342 2706 als

370 2773 430 2842 μοι
446 2753 562 2819 ταῦτα
575 2744 678 2838 φίλος
703 2737 879 2832 διελέξατο
904 2737 1031 2836 iussin
1058 2761 1125 2812 tam
1149 2738 1208 2812 diu
1230 2739 1343 2809 luter·

371 2859 521 2934 milio&
538 2865 595 2934 vix
612 2861 763 2933 resumr'o
776 2861 906 2954 penso,
931 2881 1057 2933 norum
1082 2861 1186 2932 etiam
1201 2860 1345 2932 animus

372 2980 543 3054 somniat?
575 2976 684 3072 Atqui
708 3002 788 3053 cum
812 2986 1021 3076 exceptione
1042 2981 1129 3054 haec
1154 2977 1344 3064 dicuutur,

338 3099 343 3110 ’
372 3101 443 3197 nisi
463 3103 549 3198 quid
570 3103 773 3176 acciderits·
794 3097 860 3189 dt,
892 3121 931 3174 ut
954 3104 1072 3176 omnia
1094 3101 1229 3189 nostra,
1269 3097 1342 3177 lui

368 3221 403 3302 ἒν
425 3231 570 3324 γούνασι
595 3237 719 3301 κεῖται.

422 3345 639 3447 Caeterum,
670 3347 818 3418 resumta
848 3345 966 3422 subito
989 3367 1053 3440 per
1078 3343 1148 3417 hoc
1174 3341 1345 3418 seriarum

374 3471 486 3544 otium
504 3467 745 3541 Bibliothecae
762 3467 916 3540 Criticae
931 3466 1141 3560 scriptione,
1167 3465 1238 3538 Tui
1257 3465 1347 3538 mibi

368 3592 568 3675 continuo,
590 3589 637 3658 mi
666 3585 814 3676 Boscltl,
847 3589 1054 3668 inurentem
1082 3587 1190 3659 venit.
1243 3585 1349 3681 Age,

330 3718 332 3730 ’
371 3711 532 3802 inquam,
550 3709 743 3804 ¹faciamus,
779 3726 819 3782 ut
848 3707 967 3782 eadem
993 3729 1099 3801 opera
1123 3703 1261 3798 duplex
1286 3728 1348 3778 no·

373 3849 451 3900 men
471 3829 659 3904 solvamus:
678 3821 721 3898 ·&
738 3823 866 3898 librum
891 3825 949 3898 diu
967 3807 1120 3898 studiosis
1138 3825 1349 3926 hominibus

247 3967 253 3972 ·
373 3947 528 4054 debitum
552 3945 797 4038 absolvamus,
832 3942 970 4023 &eum
996 3945 1150 4048 Buscbio
1173 3947 1352 4021 inscriba-

1251 4090 1331 4144 mus
1343 4089 1351 4134 ἲ
