2800 5166
328 479 381 568 ⁴44
452 451 740 548 trutinent
765 461 932 543 orans
957 459 1208 542 morsuum·

328 674 365 743 in
389 671 461 763 ipsa
491 668 657 742 Versione
685 671 863 768 corrigere
899 665 1125 757 perreximur.
1176 663 1321 743 Deinde

327 791 370 862 ad
393 788 571 864 Plutarchi
593 787 740 859 sormam
766 787 992 877 habitumque
1025 803 1101 854 eum
1133 793 1317 862 revocavi·

327 933 426 986 mus.
451 933 531 986 cum
549 912 584 980 in
610 907 799 980 verborum
814 904 969 993 delectu,
997 925 1071 980 turn
1088 907 1318 984 constructio·

330 1036 384 1104 nis
400 1035 546 1109 ratione.
581 1028 715 1117 Porro,
735 1028 917 1102 maximam
939 1027 1195 1122 perspicuitatis
1212 1035 1318 1104 ratio·

325 1173 406 1224 nem
433 1153 635 1244 habuimus,
659 1169 824 1224 caventes
846 1169 914 1234 ne,
939 1147 1038 1241 quod
1064 1147 1141 1222 aliis
1165 1151 1314 1227 nonnus·

325 1271 389 1360 lis,
415 1273 506 1344 idem
533 1272 707 1360 accideret
737 1272 864 1356 nobis,
896 1291 936 1346 ut
957 1268 1071 1342 nostra
1098 1268 1220 1345 Verfio
1243 1275 1314 1366 ipsa

327 1391 473 1466 subinde
510 1415 600 1486 opus
634 1394 776 1466 baberet
808 1395 877 1468 asia
912 1393 1092 1466 Versione.
1150 1390 1314 1485 Denique

161 1573 171 1608 ,
325 1510 551 1584 Latinitatem
570 1515 827 1618 puritatemque
852 1514 1072 1597 curavimus,
1095 1512 1215 1604 quoad
1238 1515 1313 1608 ejus

327 1631 504 1704 servandis
514 1635 661 1708 caeteris
679 1631 801 1706 officiis
820 1631 893 1712 fieri
908 1653 1059 1726 poterat.

376 1751 453 1825 Hac
481 1757 584 1827 etiam
609 1758 645 1826 in
670 1773 769 1847 parte
793 1749 921 1830 usui&
939 1752 1131 1826 commodo
1147 1752 1314 1828 lediorum

331 1873 514 1968 consulere
537 1874 748 1962 studuimus,
766 1873 863 1966 quod
888 1871 999 1948 libros
1023 1877 1059 1948 in
1075 1877 1190 1966 capita
1207 1875 1316 1948 distri·

11 2019 16 2032 ·
76 2063 81 2074 ,
169 1995 180 2010 '
237 2079 239 2082 ,
325 1993 488 2078 buimus,
515 1994 685 2064 librorum
712 1993 868 2065 ordinem
896 1995 1162 2088 Stephanianum
1186 1995 1220 2062 in
1248 1995 1313 2064 tri·

325 2115 391 2186 bus
415 2113 721 2186 Graeco-Latinis
743 2113 958 2190 editionibus
984 2133 1212 2210 propagatum
1233 2115 1320 2184 reti·

323 2234 700 2324 normannorumque
713 2235 856 2328 paginas
883 2234 1004 2308 nostris
1028 2237 1063 2306 in
1090 2237 1229 2329 paginis
1250 2253 1319 2304 no·

322 2359 502 2429 cavimust
536 2373 609 2450 tum
634 2355 730 2446 quod
752 2352 965 2426 Praefationi
994 2353 1206 2447 subiecimus
1231 2354 1320 2430 duos

325 2473 488 2580 indices,
505 2473 693 2564 codicum,
711 2475 925 2559 editionum,
954 2471 1212 2565 collationum,
1238 2497 1318 2548 ver·

324 2597 626 2689 sionum,‘quibus
640 2597 687 2674 usi
705 2598 819 2674 sumus
836 2601 871 2670 in
889 2596 1084 2670 adornanda
1098 2597 1214 2676 nostra
1234 2597 1333 2674 Edi,

253 2759 257 2766 ·
323 2719 443 2791 tione:
469 2719 592 2792 borum
607 2719 705 2811 prior
721 2720 937 2805 inscribitur,
955 2719 1070 2792 Index
1088 2735 1257 2794 notarum
1275 2717 1320 2802 &²

322 2839 500 2912 nominum
509 2887 520 2923 ,
529 2840 653 2934 quidus
659 2839 1046 2938 fignificauimasst'bras
1062 2838 1319 2936 conscriptos,

322 2971 398 3030 tum
421 2956 553 3050 editos,
590 2964 641 3033 ad
664 2961 915 3036 emendandum
941 2979 1140 3038 contextum
1167 2983 1191 3034 a
1218 2963 1320 3038 nobit

168 3067 174 3080 '
322 3071 519 3148 adhibitos:
544 3080 744 3170 posterioris
769 3085 825 3154 hic
851 3083 898 3154 esi
917 3081 1322 3180 titulus.·lndexpecu·

321 3197 450 3282 sciaris,
483 3219 549 3293 quo
580 3213 750 3292 notantur
784 3205 946 3278 editiones
981 3205 1164 3291 Graecae,
1192 3203 1323 3300 versio·

320 3337 400 3404 nes,
428 3321 625 3394 collationes
638 3325 828 3398 variarum
845 3325 1045 3412 tediosam,
1071 3325 1206 3400 codices
1223 3327 1323 3425 scri-

313 3441 374 3535 pti
396 3431 776 3538 ueterestlurarcbei,
801 3447 927 3542 quibus
951 3423 1212 3544 &unaquoque
1225 3449 1322 3520 libro

319 3563 507 3635 moralium
523 3559 722 3658 ustsumas:
749 3565 850 3656 hujus
867 3566 956 3642 duae
970 3569 1047 3642 sunt
1061 3589 1203 3662 pestes,
1231 3589 1325 3660 qua·

319 3703 394 3781 rum
412 3687 539 3775 prioris
557 3687 642 3763 haec
658 3687 706 3758 est
723 3687 925 3778 inscriptio,
936 3687 1133 3766 ,Editionet
1152 3692 1326 3768 Graecae

315 3799 501 3891 uerſsones,
529 3806 683 3900 Operum
699 3806 902 3880 ¹Iisorasium
929 3811 1202 3907 uniuerfiarum,
1240 3814 1327 3887 item

315 3921 520 4000 collediones
544 3931 733 4002 variatum
760 3928 940 4007 sessionum
967 3931 1019 4006 ad
1038 3931 1163 4006 eadem
1190 3934 1329 4031 Opera

1242 4073 1328 4128 utet*
