2786 5174
306 508 386 595 ‘axx'

308 677 451 804 feci,'fi
476 713 537 806 q'ni
565 709 729 796 fuerunt,
763 709 823 803 qui
849 705 940 784 haud
966 703 1039 780 scio
1065 727 1108 779 an
1133 701 1289 797 suerint,
1373 689 1374 700 ¹

305 842 367 933 'qui
396 833 598 911 hunc'Tibi
621 833 790 903 honorem
816 827 1029 915 inviderent3
1065 851 1131 903 nec
1157 831 1286 924 invidia
1374 814 1375 840 ³

271 973 278 992 ⁴
305 959 449 1034 illorum
473 949 588 1040 obesse
619 953 703 1024 Tibi
728 952 873 1045 potuit,
908 945 943 1022 dt
967 950 1025 1024 Tu
1048 949 1140 1046 apud
1163 973 1286 1025 omnes

273 1099 276 1108 ·
307 1085 400 1168 reite
418 1077 602 1149 sentientes
626 1093 702 1144 eam
728 1068 912 1143 confutasti
931 1067 1106 1161 doctrina,
1131 1075 1284 1160 virture,
1375 1066 1376 1122 ἶ

306 1199 507 1272 benefactis.
534 1193 741 1267 Dotirinam
758 1190 844 1284 qut'd
860 1213 1049 1264 memorem
1060 1194 1181 1266 tuam?
1201 1191 1283 1291 τόγε

303 1315 349 1409 δὴ
372 1317 432 1392 eal
451 1312 553 1412 'siper
578 1309 751 1396 ἅπαντες*
784 1303 857 1386 nec¹
876 1333 1049 1406 repetam,
1074 1335 1164 1404 quae
1188 1314 1285 1408 snpra

196 1475 199 1486 ·
306 1439 378 1511 dixi
396 1437 440 1510 de
457 1457 515 1510 tua
530 1435 760 1510 adolescentis
774 1438 809 1508 in
826 1435 955 1510 Literis
972 1433 1153 1519 facultate.
1185 1431 1286 1508 llanc

306 1561 476 1633 me'turior
501 1577 593 1630 aetas
618 1560 737 1647 auxit,
773 1555 964 1646 multisque
999 1553 1218 1630 documentis
1243 1556 1284 1628 ad

305 1669 487 1772 publicana
508 1677 670 1750 notitiam
686 1677 865 1773 prodidit:
891 1697 971 1749 cum
996 1675 1287 1771 disputationibus

307 1799 435 1892 quibus
473 1789 691 1892 propostum
732 1801 923 1895 praemium
963 1798 1056 1894 apud
1094 1799 1287 1873 Societates

305 1920 471 1994 Eruditns
495 1919 661 1995 retulisti:
690 1896 763 1994 t‘um
787 1919 887 2016 largo
917 1915 1178 1994 cultiffimorum
1194 1945 1287 2014 poe·

307 2063 438 2116 matum
454 2062 649 2134 proventu,
676 2039 862 2132 inquibus
887 2061 992 2114 nemo
1019 2063 1083 2114 nee
1098 2045 1283 2136 antiquita·

305 2166 351 2236 tis
377 2161 560 2248 colorem,
595 2183 664 2250 nec,
695 2165 863 2235 orationis
888 2163 1033 2236 Latinae
1058 2161 1288 2266 elegantiam,

307 2305 373 2356 aec
400 2279 531 2356 lumina
551 2278 747 2366 doetrinae,
765 2299 840 2354 nec
866 2283 1052 2356 modorum
1070 2287 1288 2356 concinnita-

309 2394 379 2478 tem
396 2401 583 2482 desideret:
611 2419 683 2472 tum
710 2398 858 2492 denique
874 2399 1036 2500 Hugonis
1053 2403 1172 2480 Grotii
1183 2426 1205 2494 ,'
1222 2410 1291 2480 im·

307 2522 466 2622 mortalis
481 2523 567 2608 viri,
594 2519 719 2594 Latina
744 2523 1029 2616 interpretatione
1049 2527 1194 2600 metrice
1212 2527 1291 2599 An·

306 2643 488 2742 thologiae
522 2641 824 2740 Epigrammatnm
859 2639 1018 2730 edenda,
1064 2646 1168 2736 eique
1210 2648 1310 2740 ipsov

305 2785 475 2839 contextu
499 2761 641 2836 Graeco
661 2785 739 2836 cum
767 2767 835 2838 tuis
859 2765 1140 2840 annotationibus
1156 2766 1296 2840 adden·

306 2887 375 2973 do;
401 2885 532 2969 doctis,
558 2903 597 2954 ut
613 2904 692 2954 curn
710 2877 856 2954 Catullo
873 2883 1020 2977 loquar,
1039 2881 1072 2956 &
1088 2861 1292 2976 laboriosis,

294 2976 356 3078 'Et
373 3027 446 3097 quo
465 3003 538 3096 ipse
554 2999 652 3073 ardes
667 2999 861 3074 Literatum
883 3023 1024 3088 amore,
1050 3003 1173 3076 eodem
1191 3004 1296 3080 alios

303 3122 490 3198 incendere
515 3121 657 3209 studes,
692 3124 751 3196 has
776 3126 811 3193 in
838 3119 934 3196 omni
960 3124 1117 3196 sermone
1139 3124 1293 3202 laudans

305 3239 341 3318 dt
367 3241 566 3318 celebrans:
592 3267 699 3320 unum
727 3241 906 3315 liberalem
932 3246 1064 3341 ingenii
1088 3247 1234 3322 cultum
1260 3254 1300 3324 in

304 3365 451 3440 Graecis
477 3351 682 3458 Latinisque
706 3363 834 3439 Literis
858 3366 1037 3459 politum:
1064 3391 1168 3442 unam
1200 3371 1298 3446 hanc

304 3485 369 3560 esse
402 3488 591 3565 studiorum
624 3485 793 3561 salutem:
828 3487 871 3558 ab
903 3489 956 3558 his
992 3483 1195 3582 profestum
1229 3495 1296 3567 alia

206 3643 209 3654 =
267 3596 271 3606 “
305 3607 421 3678 omnia
445 3608 552 3682 facile
577 3610 763 3702 consequi:
798 3609 1033 3681 recentiorum
1052 3611 1197 3707 linguas
1222 3636 1298 3688 non

302 3727 363 3798 nist
389 3727 431 3798 ad
455 3731 546 3802 vitae
569 3732 798 3806 neceffitatem
823 3729 964 3802 referri:
989 3731 1216 3806 novitiorum
1244 3755 1303 3808 at·

301 3845 424 3944 gatula
455 3843 490 3921 &
526 3849 652 3926 frivola
678 3852 714 3922 in
744 3850 896 3923 discendi
920 3855 1056 3926 ratione
1084 3873 1306 3927 commenta

1195 3975 1306 4048 omni
