2800 5166
229 449 352 605 ¹94
557 491 1041 626 LEC‘leNEs
1191 568 1196 580 ,

301 707 470 800 scriptore
485 701 643 777 admissos
660 701 725 774 else
749 703 974 796 suspicentur.
1024 695 1107 773 Huc
1135 698 1302 802 accedit,

304 825 572 921 quodtscriptor
600 825 635 896 se
659 825 772 897 nostra
799 829 833 897 in
858 825 986 898 Literis
1006 819 1144 894 Latinis
1163 821 1199 896 bt
1218 825 1300 900 stilo

301 949 518 1024 institutione
532 945 629 1018 osum
646 943 851 1038 profitetura
879 963 919 1018 ut
943 939 1035 1014 haud
1059 961 1190 1015 temere
1218 949 1301 1038 quia

303 1071 422 1147 nostro
449 1068 585 1141 blentio
608 1065 643 1136 in
667 1081 742 1134 eam
767 1064 972 1154 opinionem
998 1051 1200 1144 inducatur.
1225 1091 1296 1143 nos

194 1201 197 1209 ‘
299 1193 526 1269 Latinitatem
560 1185 662 1279 huius
703 1183 786 1254 libii
822 1199 930 1256 totam
964 1185 1126 1276 probare.
1182 1185 1293 1282 Quod

301 1314 381 1385 sane
406 1305 504 1382 secus
536 1306 596 1377 est.
648 1303 785 1378 Horum
812 1307 918 1402 igitur
943 1305 1130 1398 suspicioni
1160 1325 1199 1377 ut
1232 1329 1295 1380 oc·

300 1449 507 1512 curramus,
541 1423 578 1498 dt
611 1423 764 1498 debitam
806 1428 969 1520 scriptori
1006 1424 1144 1499 laudem
1183 1429 1298 1500 vindi·

300 1572 449 1636 cemus3
475 1547 627 1621 nollrum
659 1546 731 1618 boc
763 1546 849 1620 loco
879 1546 1051 1641 judicium
1076 1547 1294 1642 profitemur.

296 1675 381 1754 Nos
407 1675 443 1744 in
469 1668 659 1744 Latinitate
691 1688 732 1740 ac
764 1667 915 1742 didiione
945 1669 1047 1764 hujus
1073 1670 1157 1742 libri
1183 1691 1296 1768 agno·

299 1799 427 1871 scimus
451 1791 648 1888 elegantiae
672 1787 820 1863 {ludium
846 1809 887 1860 ac
920 1791 1159 1889 progressum,
1196 1792 1291 1884 puri·

299 1936 405 1988 tatem
448 1912 606 1986 universe
652 1911 689 1980 in
732 1907 879 1980 vitandis
918 1911 1103 1986 vocabulis
1134 1935 1178 1986 ac
1215 1913 1294 1986 sor·

298 2035 406 2116 mulia
430 2031 603 2130 barbaris,
630 2026 873 2119 frequentibus
892 2027 964 2102 illis
982 2029 1154 2124 hodieque
1172 2031 1292 2106 homi·

269 2175 381 2246 fnum
399 2151 500 2243 saepe
526 2149 629 2221 etiam
664 2146 847 2223 coetorum
870 2150 1132 2226 consuetudine.
1181 2151 1297 2226 Vide·

298 2250 379 2348 ntus¹
411 2257 497 2344 vero
529 2271 633 2340 etiam
659 2265 802 2341 subinde
832 2292 852 2342 a
887 2275 979 2346 resia
1010 2277 1067 2346 vie
1100 2274 1301 2346 aberratum

299 2395 389 2484 else,
416 2393 521 2486 idque
546 2413 592 2464 eo
608 2391 713 2464 nobis
729 2391 839 2489 magis
856 2393 1127 2488 inexspectatum
1143 2393 1299 2490 accidit,

299 2541 373 2612 quo
390 2515 555 2610 majorem
586 2533 727 2606 operam
752 2509 788 2587 dr
812 2517 846 2586 in
872 2513 1004 2588 scholis
1026 2517 1171 2607 nolitis,
1193 2515 1235 2590 'dt
1261 2523 1299 2592 in

297 2636 528 2712 familiaribus
558 2634 802 2720 sermonibus,
833 2631 914 2708 stilo
938 2633 1070 2708 Latino
1094 2637 1300 2712 excolendo

300 2754 416 2842 dedit,
443 2753 479 2830 dt
497 2753 641 2827 subinde
659 2755 763 2828 nobis
781 2752 955 2849 specimen
973 2763 1298 2854 progymnasmatic

245 2971 249 2977 Ι
300 2879 554 2972 attulit,hujus
569 2877 710 2968 quidem
728 2879 810 2950 libri
826 2879 906 2956 stilo
914 2878 1198 2972 praeferendum.
1223 2877 1299 2951 Sed
1362 2964 1364 2972 Ι

299 3019 407 3092 quum
426 2997 516 3070 bene
533 2999 706 3074 scribendi
729 2999 992 3076 fundamentum
1016 2999 1056 3074 lit
1083 3001 1174 3072 bene
1191 3002 1301 3098 cogi·

298 3139 392 3224 tare,
405 3117 489 3192 -hoc
504 3139 607 3226 quatu
624 3121 694 3194 late
711 3142 847 3217 pateat,
873 3122 1019 3221 longum
1036 3123 1084 3194 est
1100 3141 1297 3213 exponere.

295 3237 390 3313 Illud
421 3239 631 3334 tenendum,
656 3242 746 3320 bene
770 3237 945 3342 cogitata,
983 3261 1154 3334 tamquam
1176 3261 1305 3315 mate·

295 3360 402 3448 riam,
430 3359 558 3440 subelle
573 3361 728 3458 debere,
753 3344 865 3457 eaque
882 3365 1054 3439 vestienda
1073 3365 1139 3437 esse
1156 3367 1308 3438 ontio.

296 3473 497 3575 ne‚⁴‘'pure,
524 3486 730 3580 perspicue,
762 3485 929 3572 suaviter,
962 3485 1062 3575 saepe
1086 3485 1192 3558 etiam
1219 3507 1326 3585 gra·-

178 3591 180 3596 ’
294 3604 396 3675 viter.
446 3601 670 3702 Quamquam
701 3607 851 3703 gravitas
892 3607 927 3675 in
960 3601 1153 3680 illiusmodi
1187 3631 1311 3708 argu·

294 3741 415 3794 mento
439 3728 666 3820 grammatico
691 3745 763 3797 non
794 3724 1001 3816 requiritur,
1034 3727 1145 3800 immo
1168 3747 1312 3826 repre.

293 3843 480 3938 henditur,
506 3851 586 3923 liin
604 3835 707 3920 rebus
729 3848 844 3940 parvis
867 3847 1030 3954 augendis
1046 3853 1312 3942 expromitura

154 3957 157 3966 ’
293 3963 392 4059 quod
423 3965 571 4062 scriptor
614 3987 659 4041 ne
695 3966 883 4060 aliquoties
925 3967 1127 4060 admiserit,
1161 3973 1310 4047 videet.

830 4095 834 4104 '
1212 4089 1309 4164 Ma·
