2786 5174
352 515 396 589 ra
471 507 763 588 eructuem
787 449 957 588 ortua
981 499 1232 594 monum.

350 709 391 784 erl
415 706 667 784 emendationis
690 731 765 786 eam
790 731 948 804 partein,
981 719 1071 806 quae
1096 714 1116 787 a
1140 717 1322 811 conjecture·

348 831 593 927 proficiscitur.
644 830 736 906 Nam
756 831 1006 910 emendationis
1023 833 1154 930 duplex
1171 835 1219 908 ell
1237 837 1324 930 sons,

349 954 438 1026 alter
461 956 497 1025 in
521 955 725 1030 auoouute
748 952 785 1030 bt
809 957 1146 1050 scriptutaveterunr
1163 958 1323 1050 exempla·

347 1077 439 1150 tium
464 1076 619 1167 politus,
650 1074 738 1148 ulter
771 1075 806 1148 in
836 1073 1054 1168 conjeslurae
1078 1079 1324 1172 probabilitate.

346 1192 398 1270 Et
414 1198 544 1289 primo
561 1193 723 1288 quidem,
749 1215 788 1266 ut
804 1193 863 1282 fit,
883 1195 926 1268 ad
944 1197 1180 1291 conjecturam
1204 1225 1253 1274 me
1273 1201 1324 1272 da·

249 1315 261 1334 '
347 1317 450 1409 bam,
477 1335 565 1409 quac
581 1314 778 1409 patiebatur
801 1337 960 1390 accurata
982 1319 1146 1393 Auclotis
1170 1321 1323 1393 lectione:

180 1465 198 1478 ’
344 1459 419 1510 crat
439 1437 559 1508 cadem
585 1435 716 1506 laboris
740 1457 819 1527 pars
842 1436 1111 1530 jucundiffima,
1149 1463 1216 1514 nec
1236 1442 1322 1514 labor

298 1597 303 1610 ·
345 1561 466 1654 potina
486 1561 596 1660 'qnam
622 1555 883 1632 condimentum
908 1559 1053 1632 laboris.
1108 1561 1149 1633 In
1183 1560 1325 1632 manibus

347 1682 520 1753 babebam
548 1677 732 1772 parvulum
754 1679 920 1753 volumen
945 1679 1098 1774 exempli
1115 1681 1327 1775 Stephaniani

348 1802 503 1886 Graeci,
538 1795 654 1869 babile
679 1793 715 1870 ἁ
737 1799 780 1870 ad
803 1785 1001 1899 gellandum
1034 1799 1165 1874 sacile:
1199 1825 1328 1898 captans

344 1923 476 1994 aestivo
488 1927 662 2010 'tempore
687 1921 932 1990 amoenitatem
960 1919 1050 1994 tutis
1066 1917 1101 1992 ἃ
1116 1925 1269 1997 umbrata
1285 1946 1331 1996 at·

346 2049 494 2128 borum3
523 2039 702 2124 hiberno,
734 2043 923 2116 matutinae
951 2039 1057 2112 horae
1084 2041 1334 2137 integritatem,

345 2170 536 2243 noslumae
580 2158 892 2250 tranquillitatem:
935 2159 1167 2252 conjiciebam
1207 2165 1275 2236 me'
1300 2167 1333 2234 in

346 2287 535 2361 lectionem
553 2278 751 2365 Plutarchi,
779 2280 814 2349 in
840 2279 915 2372 ejus
935 2277 1251 2356 monterionem&
1268 2280 1335 2352 sen·

253 2472 255 2481 .
347 2407 491 2480 tentiam
515 2403 654 2494 penitus
685 2401 916 2488 insinuabam,
941 2403 1055 2476 sensua
1078 2399 1228 2476 latentes
1251 2401 1335 2493 quali

346 2503 742 2622 vestigiirodorabar&
763 2519 980 2618 indagabum.
1018 2519 1129 2594 Nulla
1147 2541 1220 2593 non
1236 2521 1332 2592 lectio

346 2637 472 2720 'habuit
491 2645 656 2740 iniignem
684 2644 895 2716 inventionis
922 2643 1151 2728 suavitatem,
1176 2663 1247 2735 qua
1269 2663 1334 2713 nou

348 2769 452 2841 aliam
477 2765 646 2858 majorem
669 2763 734 2836 Dii
751 2745 955 2862 mortalibus
972 2763 1177 2859 largiuntur.
1227 2759 1337 2836 Modo

232 2976 240 2990 Ι
346 2871 582 2977 corruptelam
600 2883 780 2974 sanabam,
806 2886 914 2959 modo
929 2885 1178 2959 obscuritatem
1195 2880 1340 2954 lllulira·

279 3031 282 3036 ·
344 3011 453 3100 bam,
474 3004 660 3097 saepiffime
683 3023 799 3080 meum
824 3005 897 3098 ipse
922 3027 1076 3080 veterem
1093 3017 1248 3078 errorem
1267 3023 1343 3076 cot·

343 3129 533 3227 rigabam,
567 3145 639 3218 quo
665 3108 756 3198 locis
789 3127 903 3212 sanis,
936 3127 1092 3202 nondum
1124 3124 1212 3198 mibi
1246 3119 1345 3194 intel·

344 3249 475 3339 iesiia‘,
515 3247 714 3322 violentum
754 3248 944 3322 remedium
976 3245 1214 3320 adhibuissem.
1278 3237 1346 3314 Sei

344 3369 434 3446 haec
477 3363 538 3441 ad'
563 3369 699 3446 futurae
749 3365 867 3442 dotem
909 3367 1088 3441 Editionis
1129 3364 1346 3458 spectabant.

343 3489 447 3566 Alius
481 3511 553 3564 erat
590 3487 699 3585 longe
728 3486 953 3582 praestantior
989 3485 1122 3582 ingenii
1163 3487 1346 3575 animique

224 3626 228 3632 '
343 3613 507 3698 sruslua,
558 3629 598 3687 ut
637 3607 887 3704 perspiciendis
923 3606 1218 3701 philosophorum
1253 3623 1350 3679 ¹cum

342 3729 522 3812 sententiis
541 3723 585 3801 ¹ac
610 3729 759 3803 decretis
789 3729 970 3803 adrerum
1003 3729 1199 3806 divinarunt
1227 3727 1349 3803 hnma-

343 3841 535 3954 'atrumque
557 3849 822 3948 intelligentiam
850 3849 1009 3934 nonnihil
1038 3849 1254 3942 profecisse,
1281 3871 1351 3922 turn

345 3971 514 4068 suplantet
553 3973 708 4061 monitio
734 3992 776 4044 ac
798 3964 1009 4062 'praeceptis
1041 3970 1087 4044 ad
1118 3991 1205 4045 veta
1252 3969 1355 4046 falla·

735 4099 737 4116 r
1142 4099 1145 4108 ,
1288 4108 1360 4184 que
