2786 5174
338 533 344 540 '
370 525 411 598 v'i

369 717 464 797 iiiia,
491 737 579 810 quae
603 715 722 788 dotem
744 711 882 807 quidem
904 731 977 786 non
1000 713 1105 786 habet
1129 733 1226 802 eunt,
1252 735 1331 810 qune

372 839 485 936 vulgo
518 839 582 910 dos
613 835 740 908 dicitur
755 875 783 920 ,-
800 829 859 904 sed
885 831 988 904 eiiam
1010 831 1118 930 longe
1143 835 1329 928 majorem:

373 983 464 1054 quae
481 981 575 1034 nunc
588 953 742 1032 nondum
758 971 921 1048 apparet,
946 956 1129 1050 pppurebit
1150 977 1288 1043 tutem,
1310 960 1329 1031 u

180 1115 185 1124 ·
232 1059 236 1066 ’
371 1079 415 1150 td
437 1099 512 1150 eum
538 1074 771 1172 colligendam
795 1073 942 1148 studium
967 1070 1004 1146 dt
1032 1075 1201 1150 laborem?
1216 1097 1333 1152 contu·

369 1195 482 1269 ieritis
491 1219 504 1296 ξ
519 1193 717 1294 colligendo
731 1193 779 1266 est
793 1216 857 1287 per
870 1196 1079 1271 Graecorum
1088 1195 1330 1270 Romanarum·
1388 1281 1389 1304 Χ

371 1341 441 1411 que
456 1310 651 1393 Liternum
668 1317 863 1403 seientiam,
881 1337 961 1387 cum
977 1337 1022 1387 ex
1035 1316 1203 1392 Veterum
1218 1315 1329 1400 libris,
1388 1305 1389 1310 ’

372 1460 445 1515 tum
464 1460 630 1535 apparatu
647 1437 684 1513 ἀ
707 1440 960 1512 commentario
982 1439 1090 1530 patris
1104 1431 1331 1555 formando&

368 1561 603 1655 expoliendo:
628 1557 795 1634 iuvabis
814 1555 932 1649 puello
948 1577 1104 1654 magnum
1121 1559 1257 1654 gloriae
1275 1557 1331 1669 do·

371 1697 442 1754 tem
460 1681 608 1795 adferet:
635 1706 704 1781 ego
719 1681 820 1755 vobis
835 1681 905 1756 dux
921 1678 957 1754 dt
973 1679 1111 1772 adjutor
1127 1681 1247 1773 operit
1262 1699 1329 1749 ero.
1388 1777 1389 1784 ἵ

371 1803 499 1902 Adhuc
514 1803 619 1878 neino
636 1805 725 1893 fuit,
744 1807 805 1897 qui
821 1803 895 1897 ejus
910 1807 1036 1872 amore'
1045 1823 1245 1895 caperetur:
1270 1819 1330 1870 nec

371 1944 485 1997 tumen
503 1924 643 2012 desunt,
669 1927 730 2016 qui
743 1947 826 2018 pree
846 1925 880 1994 se
895 1923 1026 2012 ferunt,
1046 1923 1082 1994 se
1097 1921 1334 1993 conditionem

250 2123 255 2130 ,
370 2065 443 2124 uon
468 2041 670 2134 repudiare,
696 2042 755 2112 sed
778 2042 978 2116 deliberare.
1035 2043 1096 2116 De
1119 2042 1262 2138 quibus,
1285 2041 1333 2126 ii,

368 2161 467 2255 quod
480 2162 593 2236 nolim
609 2182 676 2234 nec
692 2159 771 2232 fore
788 2165 934 2255 opinor,
961 2164 1037 2257 spes
1060 2187 1127 2238 nos
1151 2159 1335 2244 deiecerit,

367 2283 488 2378 puella
502 2282 545 2355 ad
564 2281 840 2376 Teleobtptistas
854 2286 889 2356 se
904 2287 1071 2358 abituram
1089 2290 1259 2366 minatur,
1275 2279 1335 2350 ubi
1388 2273 1389 2318 ³

365 2405 477 2482 alatur
501 2401 537 2478 dt
561 2405 718 2494 fortasse,
743 2410 899 2498 quamvis
929 2406 1066 2498 vetula,
1090 2407 1129 2476 in
1158 2405 1335 2474 matrimo-

363 2531 461 2603 nium
486 2526 698 2604 collocetur.
758 2577 762 2588 ·
1388 2607 1389 2610 Ἴ

387 2673 389 2680 ’
413 2649 572 2738 Tecum,
599 2653 647 2722 mi
670 2649 819 2733 Eusebi,
845 2649 913 2720 aliu
936 2648 1021 2722 mihi
1048 2647 1156 2723 eauffit
1173 2647 1240 2718 est:
1267 2667 1342 2718 non

362 2775 488 2846 ‘tuttuo
510 2795 555 2844 ne
575 2770 644 2844 'Tu
673 2794 819 2865 ‚qnoque
850 2753 1015 2862 adoptivi
1039 2791 1094 2840 me
1119 2769 1190 2839 iiiia
1218 2768 1344 2838 ferias.

365 2892 493 2965 Scribo
515 2895 603 2967 hanc
629 2889 672 2964 ad
693 2889 747 2963 Te
772 2889 975 2984 epistolem,
1000 2909 1038 2963 ut
1057 2887 1188 2982 duplici
1209 2887 1348 2962 officio

366 3008 557 3106 defungor,
581 3013 725 3108 ejusque
750 3013 868 3102 debiti,
882 3013 1112 3098 conscientia,
1136 3010 1232 3104 quast
1253 3033 1348 3084 one·

363 3153 424 3224 re,
448 3133 598 3204 animum
621 3131 736 3206 levem
762 3130 984 3229 &religione
1001 3131 1130 3206 solvam
1148 3153 1346 3227 antequam
1388 3127 1389 3132 ’

364 3250 545 3346 adplures
569 3251 719 3325 obeam:
759 3255 857 3348 quod
881 3255 1043 3326 Socrates
1077 3255 1111 3324 in
1147 3249 1348 3325 Phaedone

362 3369 471 3456 dixit,
487 3369 761 3472 ’ἀσφαλέστερον
776 3367 857 3448 eim
871 3373 921 3468 pir
933 3371 1070 3448 ἀπιέναι
1086 3373 1162 3470 πρὶν
1177 3369 1360 3466 οἰφιιοίὥ·1
1388 3401 1389 3406 ’

257 3547 264 3560 ·
362 3491 502 3570 σασθαι.
562 3493 631 3567 Sed
654 3495 690 3570 dt
714 3497 786 3594 ipsa
809 3517 873 3589 per
896 3497 930 3565 se
957 3495 1108 3566 amicitie
1138 3495 1215 3566 hoc
1239 3515 1261 3565 t
1288 3515 1349 3565 me

283 3633 288 3642 ·
361 3616 431 3690 five
450 3639 572 3692 munus
595 3617 663 3692 five
685 3633 947 3690 monumentum
973 3613 1182 3707 postulabat.
1241 3612 1353 3712 Quae

359 3734 410 3824 fi,
434 3733 619 3811 secundum
635 3735 803 3830 Veteres,
828 3737 935 3808 virtus
956 3736 1024 3821 est,
1050 3737 1117 3808 nec
1135 3739 1262 3812 virtus
1281 3741 1352 3812 stne

361 3850 543 3942 prudentia
572 3855 636 3927 eise
663 3857 803 3950 potest,
846 3855 1048 3948 prudentiae
1077 3875 1200 3930 tutem
1241 3861 1355 3933 estse

363 3969 477 4064 ipsum
490 3974 656 4064 nosceret
671 3974 714 4046 de
729 3973 783 4047 Te
798 3975 884 4049 mihi
899 3995 1104 4067 parumper,
1121 3977 1354 4067 tniBoschi,

778 4107 782 4131 '
1246 4097 1357 4173 'redi
1388 4087 1389 4104 ¹
