2764 5164
350 482 421 579 156
469 473 858 556 RELATIONES
893 475 1237 556 BREVIORES

349 703 417 776 que
424 679 648 776 principibus
663 677 884 777 permixtum
906 674 1072 774 adgnovit
1083 675 1238 764 Achivis,
1257 681 1301 772 qui

345 821 413 871 nec
447 801 654 891 principes,
687 825 753 876 nec
785 801 1003 885 secundarii,
1037 800 1096 871 vix
1135 801 1220 871 tertii
1245 798 1301 868 int.

345 918 456 1015 Quod
481 916 516 992 dt
546 922 632 994 mibi
655 921 699 994 ud
722 923 791 994 mei
816 919 999 994 lediionem
1035 920 1150 1016 elogii
1175 913 1302 990 accidilir

346 1040 483 1128 sareon
518 1019 577 1128 tt',
602 1041 662 1112 nili
686 1023 833 1125 faterer,
867 1059 1046 1132 perperam
1072 1035 1110 1110 dt
1139 1055 1305 1132 arroganter

347 1160 510 1239 facerem.
570 1161 716 1255 Satius,
749 1165 901 1235 virorum
929 1164 1105 1253 optimos,
1139 1161 1190 1252 qui
1213 1175 1306 1227 tantae

345 1279 431 1351 mihi
447 1276 567 1352 laudes
587 1283 729 1368 tribuit,
754 1275 898 1374 quantas
920 1302 988 1376 ego
1009 1301 1076 1353 nec
1100 1279 1240 1376 agnosco
1253 1295 1307 1346 nec

346 1395 534 1494 exspedio',
552 1403 626 1495 ipse
644 1391 769 1475 viderit
785 1401 965 1492 quomodo
983 1401 1081 1476 suum
1096 1417 1214 1471 munus
1230 1413 1306 1465 tuea-

346 1539 421 1592 tur:
448 1520 531 1593 mibi
555 1520 696 1612 quidem
720 1523 957 1624 conditionem
984 1527 1089 1617 ipsius
1104 1515 1307 1591 vicillitnlau·

207 1673 211 1680 ·
344 1638 448 1712 dandi
471 1639 645 1716 duriorem
678 1639 853 1728 reddidit,
888 1643 1054 1716 metuenti
1079 1663 1146 1724 ne,
1179 1637 1308 1731 quantit

341 1782 426 1834 rete
458 1757 494 1836 dt
524 1783 568 1834 et
603 1761 708 1832 animi
735 1759 900 1831 sententia
925 1781 1003 1831 eum
1028 1760 1192 1850 laudans,
1213 1773 1307 1826 trmen

341 1881 474 1974 aliquid
489 1881 606 1956 officio
627 1879 798 1954 referendi
813 1879 921 1954 debiti
937 1879 1062 1953 dedille
1076 1878 1200 1952 ridear.
1229 1870 1309 1948 lllnd

185 2003 190 2012 '
340 2021 406 2093 per
429 2001 534 2072 nobit
557 2019 693 2095 gratum
717 2000 824 2090 fecit,
850 2001 945 2095 quod
969 2003 1031 2076 ibi
1048 2001 1243 2097 ipselocum
1258 1994 1312 2066 de·

339 2117 393 2189 dit
421 2119 456 2189 in
482 2117 552 2190 hoc
576 2117 701 2215 libro,
718 2118 863 2212 suasque
886 2141 961 2208 res,
996 2124 1138 2216 scripta,
1168 2117 1311 2192 &vitae

339 2239 545 2332 praecipuas
560 2241 714 2312 actiones
735 2261 776 2321 ac
793 2217 1192 2317 viciffitudiuesnottviu
1208 2237 1315 2334 quod

339 2379 410 2450 que
440 2361 475 2431 in
501 2361 679 2432 mentione
704 2357 788 2456 Jac.
815 2360 994 2460 Vaaffent'i
1025 2364 1125 2459 (van
1149 2359 1314 2460 Vaaffett)

339 2476 689 2572 Animadversionem
708 2479 880 2576 Hiliorico
889 2519 903 2535 ·
913 2481 1135 2557 criticorum
1149 2486 1199 2556 ad
1210 2479 1312 2577 Fassat

339 2595 517 2672 Romanos
539 2599 684 2687 Sacros,
717 2599 920 2674 Ruhnkenii
953 2605 1058 2677 nostri
1084 2603 1260 2700 epistolam
1280 2597 1315 2672 td

339 2715 555 2794 Vaallenium
579 2719 706 2792 edidit:
740 2723 829 2795 adeo
852 2745 1036 2810 accurate,
1061 2723 1257 2820 eleganter,
1278 2713 1311 2788 ad

338 2837 511 2928 bominis,
535 2842 594 2914 cui
620 2841 855 2932 scribebatur,
887 2846 1169 2920 admonitionem
1195 2859 1317 2914 accom-

338 2957 480 3030 modate
503 2961 760 3054 prudenterque
786 2965 971 3057 scriptam,
996 2985 1036 3038 ut
1063 2967 1104 3037 in
1132 2958 1317 3054 exemplum

188 3097 191 3104 ·
336 3078 504 3172 epistolae
537 3079 735 3174 hujusmodi
771 3087 1007 3158 commendari
1042 3085 1163 3177 polilt.
1207 3083 1316 3170 Atque

337 3197 402 3270 bac
427 3201 669 3276 recordatione
694 3201 858 3276 nolumus
875 3203 1037 3302 defungi,
1068 3202 1323 3298 quinbomiuet

323 3315 481 3408 doctos,
507 3321 530 3392 fi
556 3323 616 3412 qui
641 3321 738 3404 sant,
763 3323 824 3412 qui
850 3321 991 3396 Latinas
1015 3321 1230 3400 Ruhnkenii
1252 3321 1317 3416 epi·

323 3433 461 3524 bolus,
480 3439 547 3511 live
563 3439 677 3531 adse,
702 3447 770 3516 live
794 3441 835 3512 ad
859 3441 949 3514 alios
972 3443 1149 3540 scriptas,
1176 3450 1211 3518 in
1226 3443 1325 3514 naui·

264 3626 272 3636 ,
331 3557 397 3632 bus
419 3557 588 3649 babeant,
612 3583 776 3660 rogemus
800 3583 840 3638 ut
863 3581 919 3634 eas
944 3563 1141 3638 uobiscum
1177 3585 1327 3640 commu·

176 3779 180 3786 ,
279 3682 283 3688 ’
319 3681 472 3766 'nicenti
499 3683 678 3774 liquidem
697 3705 812 3757 earum
831 3685 1021 3774 editionem
1039 3685 1231 3760 molimur.
1277 3683 1326 3758 111.

331 3799 431 3868 terest
458 3800 845 3908 Literarumplnterest
873 3805 976 3881 studii
1007 3800 1326 3904 elegantiarum&

305 3922 308 3931 '
331 3915 398 3992 stili
414 3915 552 4032 Latini,
570 3945 615 3998 ue
635 3943 741 4010 unam
755 3924 894 4020 quidem
911 3929 1155 4021 sententiam,
1175 3940 1326 4006 accunte

1244 4060 1329 4127 con·
