2764 5164
335 509 402 564 vm

346 673 461 770 rutum'
473 679 630 770 bellum,
656 682 756 776 cujus
772 683 1045 777 ingravescentia
1063 684 1186 763 damna
1199 689 1293 771 adhuc

348 804 567 893 toleramus,
607 801 709 873 linem
735 801 885 873 nondum
921 805 1165 898 prospicimus.
1217 807 1291 882 Nan

348 921 430 994 inde
460 923 480 991 i
516 919 694 1012 principio'
729 919 823 996 illius
866 932 1068 1021 temporis,
1111 929 1295 1003 seditionum

282 1065 286 1070 ·
345 1039 475 1114 caussae
498 1061 549 1112 ac
567 1040 694 1110 semina
716 1061 761 1114 ex
786 1043 1003 1120 Americanis
1030 1042 1075 1118 ad
1105 1045 1293 1142 Europaeos

346 1159 494 1251 deferri,
519 1157 637 1231 scnfim
668 1159 838 1254 gliscere,
863 1143 1014 1241 inceniii
1033 1169 1201 1240 materian
1217 1171 1290 1240 urri-

344 1303 453 1378 pere:
487 1279 637 1352 aestuare
667 1279 822 1371 populi,
854 1307 1006 1361 veterem
1031 1287 1166 1358 suumn
1188 1291 1294 1360 civiu-

345 1423 418 1476 tum
446 1401 592 1476 sunnam
624 1398 826 1494 indignari,
851 1427 976 1480 novam
1005 1428 1189 1501 quaerere,
1211 1431 1293 1480 eun·

341 1525 491 1614 demque
509 1519 585 1592 aliis
613 1519 755 1612 populis
778 1521 920 1594 inlerre.
969 1526 1042 1623 Qui
1067 1527 1195 1618 uellus,
1218 1549 1296 1621 quae

344 1642 438 1716 belle
455 1641 498 1714 ab
521 1639 593 1713 alio
610 1637 655 1712 ad
674 1639 779 1711 elium
799 1643 970 1734 populum
991 1631 1211 1735 continuate,
1231 1631 1303 1740 quu'

248 1738 252 1753 ⁸
342 1765 555 1848 evalueriut,
580 1781 685 1853 quern
702 1759 816 1832 adhuc
838 1783 999 1835 eventum
1017 1765 1217 1857 habuerint,
1238 1765 1290 1837 Ti·

261 1938 274 1958 .
342 1885 405 1970 bi,
432 1883 479 1952 mi
498 1879 691 1972 Lyndene,
719 1880 809 1968 haud
828 1881 999 1982 ignoranti
1017 1887 1104 1976 quid
1121 1887 1270 1973 narrem?

390 2003 440 2076 Et
464 2001 554 2093 quali
583 2023 655 2072 non
686 2001 764 2104 liris
791 1983 871 2070 elllet
889 1995 976 2070 illud
998 1987 1187 2091 tuiiamm,
1203 2003 1290 2098 quiid

341 2119 500 2216 populos
535 2121 711 2213 agitaret,
754 2142 839 2193 ecce
873 2123 1036 2193 novitatis
1076 2127 1176 2197 libido
1208 2145 1286 2194 mur

342 2245 447 2313 etiarn
464 2237 758 2332 philosophorum
783 2238 918 2310 scholas
928 2243 1068 2313 'invasstz
1093 2265 1177 2315 nova
1193 2241 1293 2315 exili·

344 2366 387 2434 tit
414 2361 520 2445 sella,
553 2359 716 2429 nimirum
746 2353 780 2430 ἃ
819 2357 892 2452 ipsa
920 2357 1054 2451 aliquid
1077 2361 1137 2435 elle
1161 2363 1298 2453 volens,
1379 2401 1380 2438 r

340 2505 406 2558 nec
423 2484 540 2576 quieta
558 2477 675 2552 federe
692 2475 875 2571 sustinens,
901 2475 938 2568 ᾷι

390 2719 533 2814 Talibus
555 2723 594 2804 in
614 2723 715 2796 rebus
737 2717 911 2796 communi
919 2695 1173 2821 dieffisaln't'l,

343 2959 401 3036 sed
427 2959 649 3050 tumultuari,
681 2957 765 3032 alias
798 2959 903 3032 scitas
930 2957 973 3032 ud
996 2961 1103 3054 iplius
1129 2959 1306 3036 formulam

341 3079 482 3175 edigere
510 3081 658 3165 conari,
695 3080 729 3151 se
747 3079 865 3154 'solam
900 3103 1014 3154 veram
1044 3077 1231 3174 pro'fireri,'
1257 3083 1306 3149 in·

343 3203 475 3300 dignari
500 3199 533 3270 se
556 3199 769 3272 umbraculis
795 3202 863 3274 suis
895 3199 1059 3273 inclusum
1088 3181 1308 3294 teueli‚'nee

341 3322 524 3415 imperium
554 3318 649 3390 suum
676 3341 740 3412 per
772 3339 936 3394 terrarum
964 3301 1215 3398 orbem'larius
1235 3342 1312 3418 pro·
1378 3331 1379 3422 ξ

338 3443 429 3522 ferre
460 3437 571 3533 polle:
605 3431 878 3531 necquicquam
915 3445 1047 3536 quippe
1083 3447 1164 3539 ipsa
1195 3447 1229 3518 se
1252 3447 1311 3516 suis
1378 3449 1379 3465 ¹

202 3545 205 3555 ’
229 3601 233 3608 -
339 3564 557 3634 acuminibus
578 3557 868 3654 compungens&
889 3561 1126 3636 labefaiians:
1159 3565 1315 3640 torruosss

339 3677 632 3756 conclufiunculis
669 3677 704 3751 ἃ
738 3697 828 3752 nova
862 3683 1046 3754 verb'orum
1074 3687 1318 3773 obscuritate,

338 3801 576 3894 φιλοκάλους,
618 3797 792 3872 dilucidae
817 3795 1088 3894 'frulluosaeque
1133 3805 1320 3901 sapientiae

340 3937 512 4006 amantes,
538 3930 723 3994 avertens?
739 3924 896 4014 quamvis
915 3921 1063 3998 clamosa
1090 3923 1136 4002 ἀ
1158 3928 1319 4014 ventosa,

1284 4045 1322 4116 fi.
