2764 5164
347 506 416 602 136
464 499 850 580 Runartouus
885 423 1236 582 aauuloaua

340 701 419 795 ejus
430 701 547 776 Notae
562 698 790 776 Prosodiacae
806 705 840 772 in
858 703 991 776 Mureti
1007 703 1304 789 Carmina‚editio·

342 825 397 894 uit
420 821 714 913 Rubrianum,
742 822 847 896 Tomi
863 821 932 907 IV,
957 845 992 916 p.
1020 844 1066 916 3ο
1091 823 1301 919 praefationis.

343 941 431 1016 Sunt
467 941 789 1020 Animadve'aiones
816 942 853 1014 in
877 939 1085 1032 Hieronymi
1116 945 1213 1017 Balbi
1235 945 1304 1017 Car·

342 1064 457 1154 mina,
481 1065 515 1136 in
549 1055 719 1136 editione·
735 1081 880 1152 opetum
907 1062 1030 1156 hujus„
1060 1085 1158 1156 quam
1185 1062 1326 1133 Vindo-¹

341 1180 455 1257 bonae
474 1189 610 1258 curauit
629 1206 664 1256 a.
693 1203 805 1277 1792,
836 1180 1008 1276 Josephua
1032 1184 1075 1256 de
1100 1183 1237 1269 Rotam,
1266 1178 1306 1252 ad

341 1323 444 1394 quem
478 1304 709 1380 Ruhnkenius
744 1303 923 1395 epistolam
964 1305 1094 1396 scripfit
1132 1307 1167 1376 itr
1197 1301 1304 1376 eodem

205 1456 207 1460 ’
245 1443 249 1452 “
341 1419 435 1498 libro
478 1423 624 1507 editam,
661 1421 762 1494 laude
795 1422 947 1493 Suntenii
995 1424 1178 1518 inignem:
1216 1441 1305 1512 quatu

341 1565 421 1618 cum
456 1543 527 1616 illis
553 1540 911 1621 Animadverfionibus
938 1541 1052 1616 denuo
1079 1544 1184 1614 edidit
1208 1541 1306 1612 erudi·

340 1659 484 1744 tiffimus
516 1663 568 1734 vir
587 1665 605 1746 ,'
628 1663 679 1750 C·
712 1661 760 1732 D.
786 1659 957 1749 Beckius‚
992 1669 1025 1736 in
1054 1665 1306 1746 Commentariis

74 1796 79 1806 '
195 1840 200 1849 .
297 1785 528 1860 ·Societatis
560 1781 801 1877 Philologicae
826 1783 1028 1876 Lipsrenfis‚
1055 1785 1233 1860 Volumina
1254 1781 1304 1867 ΙΙ,

338 1926 376 1998 p.
399 1923 479 1998 145.
513 1903 599 1975 Sunt
625 1904 703 1973 alia.
737 1903 893 1988 Exstabit
917 1908 1039 1990 etiam,
1067 1929 1107 1980 ut
1131 1909 1305 2000 speramus,

338 2023 567 2096 Terentianus
594 2025 760 2106 Maurus,
786 2025 1124 2114 quemeruditillimo
1142 2046 1312 2100 commen·

342 2145 431 2216 tatio
455 2142 621 2216 illustrare
636 2143 828 2238 ingressus,
852 2144 992 2236 jamque
1008 2145 1049 2216 ad
1067 2147 1208 2221 medium
1224 2165 1309 2238 opus

338 2261 551 2355 progressus,
579 2267 729 2338 moriens
755 2263 859 2336 dudio
875 2268 988 2336 antico
1008 2264 1248 2344 absolvendum
1264 2286 1311 2334 te·

335 2381 452 2471 liquit.
489 2383 591 2455 .Nam
618 2385 714 2474 quod
739 2407 816 2456 eum
844 2407 1061 2479 rogaveram,
1097 2384 1311 2459 &Ruhnke-

251 2514 266 2559 κ’
337 2506 439 2589 nius,
460 2524 498 2574 ut
514 2503 556 2576 ad
571 2506 713 2577 criticae
732 2501 766 2576 dc
783 2505 847 2576 iiili
867 2508 1148 2578 exercitationem
1167 2503 1314 2596 utile,ei

210 2672 213 2678 ·
337 2623 504 2706 suaserat,
539 2643 578 2696 ut
611 2623 742 2694 socium
776 2625 810 2696 se
843 2625 926 2695 mihi
953 2625 1199 2698 Bibliothecae
1225 2623 1315 2716 hujus

337 2743 537 2816 scribendae
562 2744 789 2836 adjungerem
827 2745 901 2833 ejus
931 2740 1076 2814 collatio
1112 2747 1314 2818 intraturam

236 2944 239 2950 ,
339 2863 574 2943 Tibullianam
594 2845 769 2962 censuram
787 2861 942 2943 substitit
971 2861 1184 2955 Caeterum,
1200 2861 1319 2937 iludio·

338 3003 414 3068 rum
440 2981 689 3071 industriaeque
720 2981 817 3064 suae,
852 3003 985 3070 praeter
1016 2981 1155 3056 laudem
1182 2981 1218 3054 dc
1239 2984 1325 3051 vitae

339 3101 560 3186 suavitatem,
589 3103 680 3176 hunc
707 3103 741 3170 in
766 3104 886 3192 primis
910 3101 1057 3202 siusium
1086 3103 1323 3195 percipiebat,

130 3203 132 3208 ⁵
224 3249 232 3260 ’·
329 3221 434 3311 quod
459 3243 513 3292 ras
538 3223 611 3294 suas
644 3220 688 3294 ad
721 3222 902 3302 homeliam¹
929 3223 1204 3322 mediocritatem
1234 3221 1330 3293 reili-

335 3343 466 3432 tuiiiet‚
493 3345 619 3434 inqua
643 3341 684 3409 ad
705 3341 787 3430 aliis
816 3343 1120 3446 benefaciendum
1149 3341 1328 3414 voluntati

322 3461 480 3546 rsacttltas
503 3485 573 3534 non
598 3463 732 3536 deesset.
792 3457 873 3534 Fuit
896 3463 988 3532 enim
1018 3462 1052 3530 iu
1079 3461 1161 3552 ipso
1196 3463 1328 3530 animus

332 3577 532 3666 beneficus,
564 3579 746 3668 liberalis,
781 3582 823 3650 ab
860 3579 1057 3652 adulatione
1086 3579 1258 3669 alienus,
1295 3571 1332 3648 dc

333 3721 413 3770 cum
439 3699 546 3775 iibere
571 3702 810 3800 contumacia,
844 3700 951 3793 magis
979 3699 1027 3769 sui
1047 3697 1180 3788 judicii
1209 3719 1332 3782 tenax,

212 3899 218 3911 ι
333 3839 436 3910 quarn
466 3823 571 3892 aheni
599 3822 736 3912 sequax.
788 3821 838 3892 lta
864 3819 991 3900 fadus,
1019 3811 1053 3886 ὰ
1081 3813 1159 3906 jam
1192 3824 1230 3892 itr
1248 3821 1334 3892 Bur·

331 3941 512 4020 manniam
527 3939 716 4048 disciplina
731 3935 942 4015 abalienatur
961 3931 1162 4032 a'paatibuc
1184 3957 1334 4020 eorum.

635 4071 639 4080 '
808 4097 816 4146 t
966 4087 968 4091 ’
1112 4067 1136 4086 “
1187 4145 1198 4151 ,.
1271 4053 1339 4148 ‘lui
