<?xml version="1.0" encoding="UTF-8"?>
<!DOCTYPE html PUBLIC "-//W3C//DTD XHTML 1.0 Transitional//EN"
    "http://www.w3.org/TR/xhtml1/DTD/xhtml1-transitional.dtd">
<html xmlns="http://www.w3.org/1999/xhtml" xml:lang="en" lang="en">
 <head>
  <title>
</title>
<meta http-equiv="Content-Type" content="text/html;charset=utf-8" />
  <meta name='ocr-system' content='tesseract 3.04.00' />
  <meta name='ocr-capabilities' content='ocr_page ocr_carea ocr_par ocr_line ocrx_word'/>
</head>
<body>
  <div class='ocr_page' id='page_1' title='image "./bibliothecacrit02wyttgoog_0515.png"; bbox 0 0 2764 5164; ppageno 0'>
   <div class='ocr_carea' id='block_1_1' title="bbox 32 667 1093 4124">
    <p class='ocr_par' dir='ltr' id='par_1_1' title="bbox 32 667 1093 1592">
     <span class='ocr_line' id='line_1_1' title="bbox 32 667 993 790; baseline 0 -28"><span class='ocrx_word' id='word_1_1' title='bbox 32 673 204 781; x_wconf 79' lang='lat' dir='ltr'>suscipere</span> <span class='ocrx_word' id='word_1_2' title='bbox 224 685 338 780; x_wconf 86' lang='lat' dir='ltr'>polilt.</span> <span class='ocrx_word' id='word_1_3' title='bbox 386 681 486 779; x_wconf 85' lang='lat' dir='ltr'>Ergo</span> <span class='ocrx_word' id='word_1_4' title='bbox 517 683 540 754; x_wconf 88' lang='lat' dir='ltr'>li</span> <span class='ocrx_word' id='word_1_5' title='bbox 568 681 651 775; x_wconf 89' lang='lat' dir='ltr'>quid</span> <span class='ocrx_word' id='word_1_6' title='bbox 673 680 857 790; x_wconf 80' lang='lat' dir='ltr'>aliquando</span> <span class='ocrx_word' id='word_1_7' title='bbox 884 667 993 762; x_wconf 80' lang='lat' dir='ltr'>hmile¹</span> 
     </span>
     <span class='ocr_line' id='line_1_2' title="bbox 32 801 996 904; baseline -0.002 -22"><span class='ocrx_word' id='word_1_8' title='bbox 32 809 135 904; x_wconf 87' lang='lat' dir='ltr'>hujus</span> <span class='ocrx_word' id='word_1_9' title='bbox 152 807 392 882; x_wconf 86' lang='lat' dir='ltr'>Bibliothecae</span> <span class='ocrx_word' id='word_1_10' title='bbox 420 801 631 895; x_wconf 86' lang='lat' dir='ltr'>scribemus,</span> <span class='ocrx_word' id='word_1_11' title='bbox 656 805 825 897; x_wconf 88' lang='lat' dir='ltr'>primum,</span> <span class='ocrx_word' id='word_1_12' title='bbox 851 805 996 902; x_wconf 89' lang='lat' dir='ltr'>lingula·</span> 
     </span>
     <span class='ocr_line' id='line_1_3' title="bbox 32 922 996 1014; baseline 0.002 -17"><span class='ocrx_word' id='word_1_13' title='bbox 32 949 86 998; x_wconf 87' lang='lat' dir='ltr'>tes</span> <span class='ocrx_word' id='word_1_14' title='bbox 112 925 251 996; x_wconf 87' lang='lat' dir='ltr'>libellos</span> <span class='ocrx_word' id='word_1_15' title='bbox 281 924 445 1014; x_wconf 87' lang='lat' dir='ltr'>edemus,</span> <span class='ocrx_word' id='word_1_16' title='bbox 471 943 560 1014; x_wconf 88' lang='lat' dir='ltr'>quos</span> <span class='ocrx_word' id='word_1_17' title='bbox 588 922 650 995; x_wconf 91' lang='lat' dir='ltr'>ille</span> <span class='ocrx_word' id='word_1_18' title='bbox 677 923 894 1001; x_wconf 89' lang='lat' dir='ltr'>voluminum</span> <span class='ocrx_word' id='word_1_19' title='bbox 915 947 996 999; x_wconf 86' lang='lat' dir='ltr'>eoa·</span> 
     </span>
     <span class='ocr_line' id='line_1_4' title="bbox 32 1040 995 1141; baseline -0.007 -24"><span class='ocrx_word' id='word_1_20' title='bbox 32 1049 108 1118; x_wconf 75' lang='lat' dir='ltr'>sior</span> <span class='ocrx_word' id='word_1_21' title='bbox 126 1045 236 1119; x_wconf 87' lang='lat' dir='ltr'>statim</span> <span class='ocrx_word' id='word_1_22' title='bbox 255 1043 450 1141; x_wconf 83' lang='lat' dir='ltr'>sugillatim</span> <span class='ocrx_word' id='word_1_23' title='bbox 470 1040 578 1138; x_wconf 85' lang='lat' dir='ltr'>ligare</span> <span class='ocrx_word' id='word_1_24' title='bbox 597 1042 719 1136; x_wconf 88' lang='lat' dir='ltr'>pollit,</span> <span class='ocrx_word' id='word_1_25' title='bbox 744 1067 810 1117; x_wconf 91' lang='lat' dir='ltr'>nec</span> <span class='ocrx_word' id='word_1_26' title='bbox 831 1065 894 1138; x_wconf 94' lang='lat' dir='ltr'>pet</span> <span class='ocrx_word' id='word_1_27' title='bbox 916 1045 995 1139; x_wconf 90' lang='lat' dir='ltr'>pul.</span> 
     </span>
     <span class='ocr_line' id='line_1_5' title="bbox 32 1143 1093 1257; baseline 0.003 -25"><span class='ocrx_word' id='word_1_28' title='bbox 32 1165 104 1256; x_wconf 90' lang='lat' dir='ltr'>pita</span> <span class='ocrx_word' id='word_1_29' title='bbox 134 1145 298 1257; x_wconf 81' lang='lat' dir='ltr'>vagantes</span> <span class='ocrx_word' id='word_1_30' title='bbox 323 1166 499 1256; x_wconf 83' lang='lat' dir='ltr'>requirere</span> <span class='ocrx_word' id='word_1_31' title='bbox 534 1183 710 1256; x_wconf 81' lang='lat' dir='ltr'>cogatutt</span> <span class='ocrx_word' id='word_1_32' title='bbox 753 1163 904 1249; x_wconf 86' lang='lat' dir='ltr'>deinde,</span> <span class='ocrx_word' id='word_1_33' title='bbox 951 1185 994 1235; x_wconf 88' lang='lat' dir='ltr'>ne</span> <span class='ocrx_word' id='word_1_34' title='bbox 1089 1143 1093 1159; x_wconf 49' lang='lat'>¹</span> 
     </span>
     <span class='ocr_line' id='line_1_6' title="bbox 32 1272 997 1377; baseline 0.004 -23"><span class='ocrx_word' id='word_1_35' title='bbox 32 1283 114 1377; x_wconf 79' lang='lat' dir='ltr'>quid</span> <span class='ocrx_word' id='word_1_36' title='bbox 129 1285 164 1354; x_wconf 91' lang='lat' dir='ltr'>in</span> <span class='ocrx_word' id='word_1_37' title='bbox 184 1283 356 1376; x_wconf 88' lang='lat' dir='ltr'>posterum</span> <span class='ocrx_word' id='word_1_38' title='bbox 389 1282 651 1374; x_wconf 84' lang='lat' dir='ltr'>promittamus,</span> <span class='ocrx_word' id='word_1_39' title='bbox 683 1272 757 1374; x_wconf 79' lang='lat' dir='ltr'>quo</span> <span class='ocrx_word' id='word_1_40' title='bbox 787 1283 847 1355; x_wconf 89' lang='lat' dir='ltr'>iste</span> <span class='ocrx_word' id='word_1_41' title='bbox 863 1283 997 1358; x_wconf 88' lang='lat' dir='ltr'>librarii</span> 
     </span>
     <span class='ocr_line' id='line_1_7' title="bbox 32 1401 1000 1495; baseline 0.002 -21"><span class='ocrx_word' id='word_1_42' title='bbox 32 1405 138 1476; x_wconf 84' lang='lat' dir='ltr'>lebiti</span> <span class='ocrx_word' id='word_1_43' title='bbox 168 1407 307 1476; x_wconf 77' lang='lat' dir='ltr'>exadior</span> <span class='ocrx_word' id='word_1_44' title='bbox 338 1421 404 1472; x_wconf 86' lang='lat' dir='ltr'>nos</span> <span class='ocrx_word' id='word_1_45' title='bbox 442 1423 487 1472; x_wconf 83' lang='lat' dir='ltr'>ex</span> <span class='ocrx_word' id='word_1_46' title='bbox 520 1401 598 1495; x_wconf 85' lang='lat' dir='ltr'>jure</span> <span class='ocrx_word' id='word_1_47' title='bbox 631 1423 768 1477; x_wconf 83' lang='lat' dir='ltr'>manum</span> <span class='ocrx_word' id='word_1_48' title='bbox 802 1402 1000 1476; x_wconf 84' lang='lat' dir='ltr'>consertum</span> 
     </span>
     <span class='ocr_line' id='line_1_8' title="bbox 32 1520 307 1592; baseline 0 0"><span class='ocrx_word' id='word_1_49' title='bbox 32 1543 156 1592; x_wconf 81' lang='lat' dir='ltr'>iocare</span> <span class='ocrx_word' id='word_1_50' title='bbox 173 1520 307 1592; x_wconf 85' lang='lat' dir='ltr'>audeat.</span> 
     </span>
    </p>

    <p class='ocr_par' dir='ltr' id='par_1_2' title="bbox 32 1638 1081 4008">
     <span class='ocr_line' id='line_1_9' title="bbox 75 1638 997 1735; baseline 0.007 -25"><span class='ocrx_word' id='word_1_51' title='bbox 75 1638 151 1710; x_wconf 87' lang='lat' dir='ltr'>Sed</span> <span class='ocrx_word' id='word_1_52' title='bbox 167 1641 349 1732; x_wconf 81' lang='lat' dir='ltr'>pergenti,</span> <span class='ocrx_word' id='word_1_53' title='bbox 365 1643 412 1711; x_wconf 89' lang='lat' dir='ltr'>mi</span> <span class='ocrx_word' id='word_1_54' title='bbox 427 1638 614 1730; x_wconf 86' lang='lat' dir='ltr'>Lyndene,</span> <span class='ocrx_word' id='word_1_55' title='bbox 633 1661 798 1733; x_wconf 86' lang='lat' dir='ltr'>coeptum</span> <span class='ocrx_word' id='word_1_56' title='bbox 814 1664 905 1735; x_wconf 89' lang='lat' dir='ltr'>opus</span> <span class='ocrx_word' id='word_1_57' title='bbox 915 1666 997 1735; x_wconf 90' lang='lat' dir='ltr'>per·</span> 
     </span>
     <span class='ocr_line' id='line_1_10' title="bbox 32 1757 998 1856; baseline 0.005 -26"><span class='ocrx_word' id='word_1_58' title='bbox 32 1780 156 1856; x_wconf 76' lang='lat' dir='ltr'>igere,</span> <span class='ocrx_word' id='word_1_59' title='bbox 180 1757 276 1829; x_wconf 90' lang='lat' dir='ltr'>ultro</span> <span class='ocrx_word' id='word_1_60' title='bbox 302 1762 388 1840; x_wconf 90' lang='lat' dir='ltr'>milri</span> <span class='ocrx_word' id='word_1_61' title='bbox 413 1763 582 1856; x_wconf 79' lang='lat' dir='ltr'>cogitatio</span> <span class='ocrx_word' id='word_1_62' title='bbox 606 1767 774 1852; x_wconf 87' lang='lat' dir='ltr'>temporis</span> <span class='ocrx_word' id='word_1_63' title='bbox 792 1765 879 1834; x_wconf 88' lang='lat' dir='ltr'>inter</span> <span class='ocrx_word' id='word_1_64' title='bbox 895 1763 998 1856; x_wconf 83' lang='lat' dir='ltr'>hujus</span> 
     </span>
     <span class='ocr_line' id='line_1_11' title="bbox 32 1875 997 1976; baseline 0.003 -26"><span class='ocrx_word' id='word_1_65' title='bbox 32 1875 59 1950; x_wconf 79' lang='lat' dir='ltr'>lt</span> <span class='ocrx_word' id='word_1_66' title='bbox 80 1878 215 1970; x_wconf 88' lang='lat' dir='ltr'>primae</span> <span class='ocrx_word' id='word_1_67' title='bbox 239 1875 349 1952; x_wconf 85' lang='lat' dir='ltr'>Partis</span> <span class='ocrx_word' id='word_1_68' title='bbox 375 1880 597 1972; x_wconf 85' lang='lat' dir='ltr'>scriptionem</span> <span class='ocrx_word' id='word_1_69' title='bbox 625 1879 793 1972; x_wconf 72' lang='lat' dir='ltr'>interjecti</span> <span class='ocrx_word' id='word_1_70' title='bbox 823 1885 997 1976; x_wconf 81' lang='lat' dir='ltr'>occurrit:</span> 
     </span>
     <span class='ocr_line' id='line_1_12' title="bbox 32 1995 1014 2091; baseline 0.001 -23"><span class='ocrx_word' id='word_1_71' title='bbox 32 2019 119 2088; x_wconf 73' lang='lat' dir='ltr'>puae</span> <span class='ocrx_word' id='word_1_72' title='bbox 153 1999 354 2090; x_wconf 82' lang='lat' dir='ltr'>cogitatio,</span> <span class='ocrx_word' id='word_1_73' title='bbox 398 1997 499 2067; x_wconf 84' lang='lat' dir='ltr'>trillls</span> <span class='ocrx_word' id='word_1_74' title='bbox 532 2017 575 2066; x_wconf 89' lang='lat' dir='ltr'>ne</span> <span class='ocrx_word' id='word_1_75' title='bbox 610 2019 650 2068; x_wconf 90' lang='lat' dir='ltr'>an</span> <span class='ocrx_word' id='word_1_76' title='bbox 680 1995 865 2091; x_wconf 84' lang='lat' dir='ltr'>jucunda,</span> <span class='ocrx_word' id='word_1_77' title='bbox 900 2019 1014 2086; x_wconf 40' lang='lat' dir='ltr'>certe,</span> 
     </span>
     <span class='ocr_line' id='line_1_13' title="bbox 32 2113 999 2210; baseline 0.003 -24"><span class='ocrx_word' id='word_1_78' title='bbox 32 2113 201 2210; x_wconf 43' lang='lat' dir='ltr'>*jusmodi</span> <span class='ocrx_word' id='word_1_79' title='bbox 238 2113 319 2202; x_wconf 90' lang='lat' dir='ltr'>est,</span> <span class='ocrx_word' id='word_1_80' title='bbox 359 2133 398 2184; x_wconf 93' lang='lat' dir='ltr'>ut</span> <span class='ocrx_word' id='word_1_81' title='bbox 439 2113 574 2184; x_wconf 84' lang='lat' dir='ltr'>silentio</span> <span class='ocrx_word' id='word_1_82' title='bbox 608 2135 684 2204; x_wconf 83' lang='lat' dir='ltr'>enm</span> <span class='ocrx_word' id='word_1_83' title='bbox 727 2121 999 2207; x_wconf 80' lang='lat' dir='ltr'>praetermittere</span> 
     </span>
     <span class='ocr_line' id='line_1_14' title="bbox 32 2221 1000 2326; baseline 0.002 -18"><span class='ocrx_word' id='word_1_84' title='bbox 32 2221 290 2326; x_wconf 77' lang='lat' dir='ltr'>raudquaquam</span> <span class='ocrx_word' id='word_1_85' title='bbox 334 2231 465 2324; x_wconf 83' lang='lat' dir='ltr'>polhm.</span> <span class='ocrx_word' id='word_1_86' title='bbox 526 2227 683 2326; x_wconf 83' lang='lat' dir='ltr'>Triginta</span> <span class='ocrx_word' id='word_1_87' title='bbox 722 2233 757 2304; x_wconf 94' lang='lat' dir='ltr'>hi</span> <span class='ocrx_word' id='word_1_88' title='bbox 796 2235 870 2306; x_wconf 90' lang='lat' dir='ltr'>sunt</span> <span class='ocrx_word' id='word_1_89' title='bbox 907 2239 1000 2310; x_wconf 81' lang='lat' dir='ltr'>anni.</span> 
     </span>
     <span class='ocr_line' id='line_1_15' title="bbox 32 2347 999 2444; baseline -0.002 -19"><span class='ocrx_word' id='word_1_90' title='bbox 32 2355 72 2426; x_wconf 81' lang='lat' dir='ltr'>su</span> <span class='ocrx_word' id='word_1_91' title='bbox 100 2356 260 2424; x_wconf 90' lang='lat' dir='ltr'>nondum</span> <span class='ocrx_word' id='word_1_92' title='bbox 296 2347 409 2424; x_wconf 65' lang='lat' dir='ltr'>natus‘</span> <span class='ocrx_word' id='word_1_93' title='bbox 429 2373 513 2428; x_wconf 86' lang='lat' dir='ltr'>eras.</span> <span class='ocrx_word' id='word_1_94' title='bbox 570 2351 721 2426; x_wconf 85' lang='lat' dir='ltr'>Vivebat</span> <span class='ocrx_word' id='word_1_95' title='bbox 754 2352 852 2444; x_wconf 85' lang='lat' dir='ltr'>pater</span> <span class='ocrx_word' id='word_1_96' title='bbox 879 2376 999 2442; x_wconf 87' lang='lat' dir='ltr'>meus,</span> 
     </span>
     <span class='ocr_line' id='line_1_16' title="bbox 35 2470 1001 2566; baseline -0.001 -20"><span class='ocrx_word' id='word_1_97' title='bbox 35 2479 181 2547; x_wconf 90' lang='lat' dir='ltr'>irorum</span> <span class='ocrx_word' id='word_1_98' title='bbox 201 2473 373 2564; x_wconf 79' lang='lat' dir='ltr'>optimust</span> <span class='ocrx_word' id='word_1_99' title='bbox 401 2475 459 2544; x_wconf 91' lang='lat' dir='ltr'>cui</span> <span class='ocrx_word' id='word_1_100' title='bbox 485 2493 556 2542; x_wconf 91' lang='lat' dir='ltr'>non</span> <span class='ocrx_word' id='word_1_101' title='bbox 583 2473 691 2542; x_wconf 93' lang='lat' dir='ltr'>modo</span> <span class='ocrx_word' id='word_1_102' title='bbox 720 2471 759 2543; x_wconf 79' lang='lat' dir='ltr'>rb</span> <span class='ocrx_word' id='word_1_103' title='bbox 778 2470 863 2566; x_wconf 67' lang='grc' dir='ltr'>ζῇν,</span> <span class='ocrx_word' id='word_1_104' title='bbox 890 2473 1001 2546; x_wconf 84' lang='lat' dir='ltr'>sed&amp;</span> 
     </span>
     <span class='ocr_line' id='line_1_17' title="bbox 33 2587 1004 2690; baseline -0.004 -22"><span class='ocrx_word' id='word_1_105' title='bbox 33 2596 53 2668; x_wconf 80' lang='lat' dir='ltr'>b</span> <span class='ocrx_word' id='word_1_106' title='bbox 73 2587 119 2668; x_wconf 81' lang='grc' dir='ltr'>εὖ</span> <span class='ocrx_word' id='word_1_107' title='bbox 141 2591 236 2688; x_wconf 72' lang='grc' dir='ltr'>ζῇν,</span> <span class='ocrx_word' id='word_1_108' title='bbox 267 2591 384 2664; x_wconf 88' lang='lat' dir='ltr'>debui.</span> <span class='ocrx_word' id='word_1_109' title='bbox 436 2589 610 2661; x_wconf 88' lang='lat' dir='ltr'>Vivebant</span> <span class='ocrx_word' id='word_1_110' title='bbox 637 2587 737 2658; x_wconf 87' lang='lat' dir='ltr'>alteri</span> <span class='ocrx_word' id='word_1_111' title='bbox 765 2610 880 2680; x_wconf 87' lang='lat' dir='ltr'>patres</span> <span class='ocrx_word' id='word_1_112' title='bbox 911 2597 1004 2690; x_wconf 88' lang='lat' dir='ltr'>mel,</span> 
     </span>
     <span class='ocr_line' id='line_1_18' title="bbox 33 2707 1005 2796; baseline -0.004 -8"><span class='ocrx_word' id='word_1_113' title='bbox 33 2715 264 2788; x_wconf 79' lang='lat' dir='ltr'>luhnkenius</span> <span class='ocrx_word' id='word_1_114' title='bbox 290 2709 325 2786; x_wconf 76' lang='lat' dir='ltr'>dc</span> <span class='ocrx_word' id='word_1_115' title='bbox 349 2709 617 2790; x_wconf 81' lang='lat' dir='ltr'>Valckenarius,</span> <span class='ocrx_word' id='word_1_116' title='bbox 643 2725 791 2796; x_wconf 87' lang='lat' dir='ltr'>quorum</span> <span class='ocrx_word' id='word_1_117' title='bbox 814 2729 856 2780; x_wconf 89' lang='lat' dir='ltr'>ex</span> <span class='ocrx_word' id='word_1_118' title='bbox 875 2707 1005 2784; x_wconf 90' lang='lat' dir='ltr'>lumine</span> 
     </span>
     <span class='ocr_line' id='line_1_19' title="bbox 34 2821 1006 2928; baseline -0.006 -20"><span class='ocrx_word' id='word_1_119' title='bbox 34 2859 139 2909; x_wconf 83' lang='lat' dir='ltr'>tmen</span> <span class='ocrx_word' id='word_1_120' title='bbox 162 2833 242 2928; x_wconf 90' lang='lat' dir='ltr'>ipse</span> <span class='ocrx_word' id='word_1_121' title='bbox 261 2835 347 2906; x_wconf 88' lang='lat' dir='ltr'>mihi</span> <span class='ocrx_word' id='word_1_122' title='bbox 367 2829 606 2906; x_wconf 82' lang='lat' dir='ltr'>accenderem.</span> <span class='ocrx_word' id='word_1_123' title='bbox 658 2823 739 2916; x_wconf 82' lang='lat' dir='ltr'>Ego</span> <span class='ocrx_word' id='word_1_124' title='bbox 759 2821 1006 2903; x_wconf 82' lang='lat' dir='ltr'>Amstelodaml</span> 
     </span>
     <span class='ocr_line' id='line_1_20' title="bbox 34 2945 1005 3043; baseline -0.008 -15"><span class='ocrx_word' id='word_1_125' title='bbox 34 2961 161 3028; x_wconf 75' lang='lat' dir='ltr'>‚iteras</span> <span class='ocrx_word' id='word_1_126' title='bbox 208 2947 242 3025; x_wconf 78' lang='lat' dir='ltr'>dt</span> <span class='ocrx_word' id='word_1_127' title='bbox 282 2949 547 3043; x_wconf 86' lang='lat' dir='ltr'>Philosophiam</span> <span class='ocrx_word' id='word_1_128' title='bbox 593 2945 796 3032; x_wconf 87' lang='lat' dir='ltr'>docebam,</span> <span class='ocrx_word' id='word_1_129' title='bbox 848 2948 883 3018; x_wconf 90' lang='lat' dir='ltr'>ln</span> <span class='ocrx_word' id='word_1_130' title='bbox 930 2951 1005 3020; x_wconf 91' lang='lat' dir='ltr'>otio</span> 
     </span>
     <span class='ocr_line' id='line_1_21' title="bbox 37 3061 1006 3161; baseline -0.02 -13"><span class='ocrx_word' id='word_1_131' title='bbox 37 3077 194 3148; x_wconf 87' lang='lat' dir='ltr'>uamvis</span> <span class='ocrx_word' id='word_1_132' title='bbox 215 3065 441 3161; x_wconf 85' lang='lat' dir='ltr'>tranquillo,</span> <span class='ocrx_word' id='word_1_133' title='bbox 479 3086 593 3139; x_wconf 85' lang='lat' dir='ltr'>tamen</span> <span class='ocrx_word' id='word_1_134' title='bbox 618 3061 742 3136; x_wconf 89' lang='lat' dir='ltr'>deinde</span> <span class='ocrx_word' id='word_1_135' title='bbox 776 3085 863 3156; x_wconf 91' lang='lat' dir='ltr'>quot</span> <span class='ocrx_word' id='word_1_136' title='bbox 897 3088 1006 3160; x_wconf 79' lang='lat' dir='ltr'>quan.</span> 
     </span>
     <span class='ocr_line' id='line_1_22' title="bbox 35 3183 1005 3285; baseline -0.003 -20"><span class='ocrx_word' id='word_1_137' title='bbox 35 3201 137 3285; x_wconf 77' lang='lat' dir='ltr'>[tque</span> <span class='ocrx_word' id='word_1_138' title='bbox 170 3188 508 3262; x_wconf 91' lang='lat' dir='ltr'>commutationibus</span> <span class='ocrx_word' id='word_1_139' title='bbox 538 3183 702 3257; x_wconf 73' lang='lat' dir='ltr'>turbatos</span> <span class='ocrx_word' id='word_1_140' title='bbox 751 3183 799 3258; x_wconf 90' lang='lat' dir='ltr'>Et</span> <span class='ocrx_word' id='word_1_141' title='bbox 825 3187 908 3262; x_wconf 86' lang='lat' dir='ltr'>illos</span> <span class='ocrx_word' id='word_1_142' title='bbox 936 3207 1005 3262; x_wconf 84' lang='lat' dir='ltr'>tret</span> 
     </span>
     <span class='ocr_line' id='line_1_23' title="bbox 38 3303 1009 3399; baseline -0.002 -19"><span class='ocrx_word' id='word_1_143' title='bbox 38 3313 117 3380; x_wconf 90' lang='lat' dir='ltr'>itos</span> <span class='ocrx_word' id='word_1_144' title='bbox 140 3307 259 3380; x_wconf 87' lang='lat' dir='ltr'>fatum</span> <span class='ocrx_word' id='word_1_145' title='bbox 286 3307 464 3378; x_wconf 80' lang='lat' dir='ltr'>exstinxit:</span> <span class='ocrx_word' id='word_1_146' title='bbox 496 3303 709 3392; x_wconf 74' lang='lat' dir='ltr'>bituricos,</span> <span class='ocrx_word' id='word_1_147' title='bbox 746 3309 874 3399; x_wconf 83' lang='lat' dir='ltr'>qulbus</span> <span class='ocrx_word' id='word_1_148' title='bbox 904 3307 1009 3380; x_wconf 62' lang='lat' dir='ltr'>flores</span> 
     </span>
     <span class='ocr_line' id='line_1_24' title="bbox 36 3423 1063 3530; baseline -0.007 -27"><span class='ocrx_word' id='word_1_149' title='bbox 36 3453 124 3517; x_wconf 90' lang='lat' dir='ltr'>am,</span> <span class='ocrx_word' id='word_1_150' title='bbox 154 3423 295 3530; x_wconf 85' lang='lat' dir='ltr'>multos</span> <span class='ocrx_word' id='word_1_151' title='bbox 311 3428 370 3498; x_wconf 86' lang='lat' dir='ltr'>abt</span> <span class='ocrx_word' id='word_1_152' title='bbox 387 3449 479 3502; x_wconf 89' lang='lat' dir='ltr'>mots</span> <span class='ocrx_word' id='word_1_153' title='bbox 507 3429 589 3499; x_wconf 91' lang='lat' dir='ltr'>mihi</span> <span class='ocrx_word' id='word_1_154' title='bbox 619 3429 767 3520; x_wconf 90' lang='lat' dir='ltr'>eripuit,</span> <span class='ocrx_word' id='word_1_155' title='bbox 792 3449 851 3500; x_wconf 88' lang='lat' dir='ltr'>aut</span> <span class='ocrx_word' id='word_1_156' title='bbox 871 3445 1011 3518; x_wconf 84' lang='lat' dir='ltr'>tempo-</span> <span class='ocrx_word' id='word_1_157' title='bbox 1058 3461 1063 3474; x_wconf 37' lang='grc' dir='ltr'>κ</span> 
     </span>
     <span class='ocr_line' id='line_1_25' title="bbox 36 3545 1010 3652; baseline -0.006 -28"><span class='ocrx_word' id='word_1_158' title='bbox 36 3547 278 3652; x_wconf 69' lang='lat' dir='ltr'>impatiens</span> <span class='ocrx_word' id='word_1_159' title='bbox 307 3546 487 3638; x_wconf 83' lang='lat' dir='ltr'>subtraxit:</span> <span class='ocrx_word' id='word_1_160' title='bbox 527 3567 676 3638; x_wconf 89' lang='lat' dir='ltr'>quorum</span> <span class='ocrx_word' id='word_1_161' title='bbox 707 3545 937 3632; x_wconf 80' lang='lat' dir='ltr'>amissionem,</span> <span class='ocrx_word' id='word_1_162' title='bbox 971 3565 1010 3618; x_wconf 91' lang='lat' dir='ltr'>ut</span> 
     </span>
     <span class='ocr_line' id='line_1_26' title="bbox 37 3665 1010 3758; baseline -0.005 -15"><span class='ocrx_word' id='word_1_163' title='bbox 37 3673 178 3756; x_wconf 83' lang='lat' dir='ltr'>llolet,</span> <span class='ocrx_word' id='word_1_164' title='bbox 220 3667 411 3758; x_wconf 83' lang='lat' dir='ltr'>siquando</span> <span class='ocrx_word' id='word_1_165' title='bbox 441 3671 547 3737; x_wconf 86' lang='lat' dir='ltr'>arrius</span> <span class='ocrx_word' id='word_1_166' title='bbox 583 3669 793 3757; x_wconf 87' lang='lat' dir='ltr'>alteriusque</span> <span class='ocrx_word' id='word_1_167' title='bbox 828 3665 911 3736; x_wconf 88' lang='lat' dir='ltr'>boni</span> <span class='ocrx_word' id='word_1_168' title='bbox 945 3669 1010 3738; x_wconf 87' lang='lat' dir='ltr'>viri</span> 
     </span>
     <span class='ocr_line' id='line_1_27' title="bbox 37 3778 1010 3882; baseline -0.01 -17"><span class='ocrx_word' id='word_1_169' title='bbox 37 3795 230 3867; x_wconf 83' lang='lat' dir='ltr'>ccellione</span> <span class='ocrx_word' id='word_1_170' title='bbox 257 3786 415 3882; x_wconf 85' lang='lat' dir='ltr'>supplere</span> <span class='ocrx_word' id='word_1_171' title='bbox 438 3785 543 3877; x_wconf 88' lang='lat' dir='ltr'>licet,</span> <span class='ocrx_word' id='word_1_172' title='bbox 569 3786 708 3858; x_wconf 85' lang='lat' dir='ltr'>fortuna</span> <span class='ocrx_word' id='word_1_173' title='bbox 743 3778 922 3874; x_wconf 83' lang='lat' dir='ltr'>praeclare</span> <span class='ocrx_word' id='word_1_174' title='bbox 945 3801 1010 3855; x_wconf 87' lang='lat' dir='ltr'>no·</span> 
     </span>
     <span class='ocr_line' id='line_1_28' title="bbox 38 3887 1081 4008; baseline -0.014 -19"><span class='ocrx_word' id='word_1_175' title='bbox 38 3919 162 3990; x_wconf 78' lang='lat' dir='ltr'>lecum</span> <span class='ocrx_word' id='word_1_176' title='bbox 190 3908 296 4008; x_wconf 86' lang='lat' dir='ltr'>egille</span> <span class='ocrx_word' id='word_1_177' title='bbox 316 3907 462 3980; x_wconf 84' lang='lat' dir='ltr'>videtur.</span> <span class='ocrx_word' id='word_1_178' title='bbox 511 3903 550 3974; x_wconf 91' lang='lat' dir='ltr'>lrr</span> <span class='ocrx_word' id='word_1_179' title='bbox 570 3908 623 3978; x_wconf 90' lang='lat' dir='ltr'>bis</span> <span class='ocrx_word' id='word_1_180' title='bbox 653 3904 825 3994; x_wconf 79' lang='lat' dir='ltr'>diruam,</span> <span class='ocrx_word' id='word_1_181' title='bbox 851 3907 897 3975; x_wconf 89' lang='lat' dir='ltr'>mi</span> <span class='ocrx_word' id='word_1_182' title='bbox 920 3901 1015 3992; x_wconf 88' lang='lat' dir='ltr'>Lyn·</span> <span class='ocrx_word' id='word_1_183' title='bbox 1050 3887 1081 3942; x_wconf 46' lang='grc' dir='ltr'>Γ</span> 
     </span>
    </p>

    <p class='ocr_par' dir='ltr' id='par_1_3' title="bbox 509 4021 1016 4124">
     <span class='ocr_line' id='line_1_29' title="bbox 509 4021 1016 4124; baseline -0.012 0"><span class='ocrx_word' id='word_1_184' title='bbox 509 4021 575 4124; x_wconf 60' lang='lat'>*3</span> <span class='ocrx_word' id='word_1_185' title='bbox 906 4022 1016 4118; x_wconf 58' lang='lat' dir='ltr'>dener</span> 
     </span>
    </p>
   </div>
   <div class='ocr_carea' id='block_1_2' title="bbox 0 0 1390 5164">
    <p class='ocr_par' dir='ltr' id='par_1_4' title="bbox 0 0 1390 5164">
     <span class='ocr_line' id='line_1_30' title="bbox 0 0 1390 5164; baseline 0 0"><span class='ocrx_word' id='word_1_186' title='bbox 0 0 1390 5164; x_wconf 95' lang='lat' dir='ltr'> </span> 
     </span>
    </p>
   </div>
  </div>
 </body>
</html>
