2786 5174
331 433 337 448 ⁸
361 479 470 538 mvl

346 653 522 732 “iiituensz
547 650 674 728 deinde
695 651 861 750 penltnm
879 651 1038 745 refrixit,
1061 650 1244 744 lite'quocl
1257 651 1336 731 diu·

250 857 255 880 l
363 781 432 852 tius
448 774 540 870 epod
556 797 716 870 petentes
735 774 886 849 aleretur
908 769 944 846 bt
968 771 1111 850 mollius
1133 773 1337 864 foveretur,

242 888 247 900 ’
363 898 433 970 fite
450 895 552 968 aliem
569 898 619 970 ub
643 896 806 972 mulium:
837 893 989 968 tredium
1013 915 1110 968 certe
1132 917 1214 970 eum
1238 903 1336 992 cepit

362 1016 583 1106 studiorumr
615 1039 654 1094 ut
674 1016 863 1110 uiqqando
883 1013 968 1088 illos
997 1018 1270 1090 commentorios
1296 1019 1334 1088 in

361 1141 482 1235 ignem
507 1141 720 1233 conjiceret,
745 1133 782 1210 bt
804 1135 924 1210 videns
942 1137 1164 1230 prudensque
1185 1138 1332 1212 combu-

360 1279 467 1332 reret.
517 1259 575 1332 lbi
597 1259 706 1332 οιιιιίι
735 1252 862 1354 effusus
889 1257 1021 1330 labor:
1051 1260 1234 1353 nollmque
1252 1261 1333 1356 spes

361 1377 462 1451 fimul
478 1399 560 1451 cum
578 1377 678 1452 fumo
693 1379 843 1452 evanuit.
892 1377 1046 1467 Tamen,
1063 1378 1332 1476 quosemelerat

363 1497 503 1602 imbuta
516 1495 1068 1606 retmtestascrvarltqdorcm:
1081 1501 1225 1576 retinuit
1239 1519 1334 1572 emo·

360 1641 462 1715 tem,
493 1643 565 1694 non
590 1641 631 1698 ut
653 1621 845 1708 scriberet,
880 1619 939 1692 sed
965 1641 1003 1693 ut
1029 1619 1190 1718 legeret:
1221 1615 1332 1694 veluti

358 1741 538 1844 letiitrbtt
553 1738 746 1832 Homerum
757 1773 775 1828 ,·
796 1739 1023 1836 Euripidem,
1047 1739 1336 1833 Aristopbtnem,

186 1882 189 1890 ’
276 1874 284 1894 '
361 1859 580 1951 Lucienum,
613 1863 855 1952 Ciceronem,
888 1858 1096 1958 Virgilium,
1122 1857 1333 1947 Horatium,

358 1977 470 2055 ulios:
496 1985 815 2059 ex·recenriorlbus
840 1986 877 2056 in
899 1983 1020 2078 primis
1035 1981 1232 2066 Muretom,
1258 1977 1335 2051 Er·

359 2101 516 2192 nestum,
541 2103 815 2192 Ruhnkenium‚
831 2101 1037 2200 elegrntium
1055 2097 1333 2176 &Latinitetem

360 2219 552 2311 adnitens,
578 2223 676 2320 cujus
692 2222 785 2298 haud
799 2225 1023 2316 ineptusetet
1041 2221 1161 2317 judex.
1207 2219 1333 2294 Taceo

358 2336 428 2412 elie
449 2341 601 2444 hominis
623 2346 742 2433 bone,
776 2365 867 2438 quae
888 2343 944 2418 To
965 2344 1051 2416 item
1074 2346 1136 2437 pie
1160 2338 1198 2416 bt
1221 2339 1338 2436 polite

130 2459 134 2466 '
288 2541 294 2550 ‚
360 2463 518 2537 cecinisti
544 2467 580 2540 in
612 2464 726 2564 elegit
757 2465 896 2543 funebri
929 2459 1086 2540 menibus
1102 2463 1186 2560 ejus
1208 2461 1335 2536 dicatu

244 2681 252 2692 .
360 2579 517 2680 Reliqua
539 2589 611 2662 titt
635 2587 715 2661 inde
730 2587 774 2659 ub
792 2585 929 2680 aliquot
943 2589 1041 2660 annis
1056 2585 1232 2682 ejusmodi
1246 2587 1339 2672 luit,

360 2697 621 2785 uulrbefeilrte
643 2709 863 2799 valetudine,
887 2706 992 2780 tmici
1007 2708 1040 2778 ei
1056 2722 1127 2778 non
1143 2727 1213 2780 ιιι
1227 2709 1341 2781 viram

358 2815 522 2926 longum,
548 2853 652 2924 quum
680 2829 820 2904 facilem
839 2828 970 2901 tritum
994 2829 1279 2920 optinente-qui
1306 2829 1346 2900 ei

362 2945 495 3052 obtigit
520 2951 674 3048 subitur,
701 2949 801 3024 till.
825 2947 1005 3022 Februarii
1029 2947 1213 3043 superioris
1234 2951 1344 3020 anni.

295 3058 301 3070 “
392 3067 629 3158 Noctem,
663 3073 799 3167 optime
820 3067 973 3156 boschi,
1006 3071 1055 3140 itu
1078 3071 1268 3162 vivemus,
1303 3091 1346 3144 ut

360 3189 466 3260 amici
481 3209 548 3261 nos
562 3193 668 3267 nostri
685 3193 866 3274 diutliilme
883 3195 1000 3265 uivere
1022 3195 1180 3286 cupient.
1227 3189 1348 3266 Cum·

361 3311 643 3404 quemultotum
667 3315 862 3388 nostrorum
885 3317 988 3386 edem
1007 3313 1188 3416 juniorum
1215 3311 1346 3386 funere

360 3433 559 3530 fragilitatis
574 3449 638 3506 nos
660 3435 794 3506 nolitne
811 3429 847 3506 bt
866 3433 1085 3506 mortalitatis
1101 3434 1202 3525 saepe
1217 3429 1346 3502 edmo-

359 3537 520 3649 ruerint,
535 3555 728 3645 reliquum,
743 3554 990 3648 quodcumque
1002 3555 1170 3648 lupercii,
1189 3552 1347 3647 spetlum

360 3675 410 3744 itt
433 3679 610 3770 erigamur
626 3725 638 3763 ,
652 3692 657 3698 ·
673 3692 710 3748 ut
735 3695 785 3753 ¹ne
810 3675 1003 3754 bibemus
1023 3679 1195 3774 uirentem
1219 3689 1351 3749 exten·

358 3790 443 3874 titre
457 3791 577 3890 foliis.

1132 3929 1136 3938 '
1250 3913 1353 4041 ,unt
