2786 5174
351 549 398 606 B

404 725 557 823 illigravi
583 719 896 808 Amllelodamnm,
920 723 1047 796 eodem
1060 745 1152 796 anno
1168 745 1309 802 exeunte

361 845 484 916 Statim
510 842 544 918 δι
571 839 731 934 quotidie
754 863 821 914 una
848 843 998 932 suimus,
1024 842 1114 918 &in
1129 846 1308 928 studim&

260 1041 265 1050 ,
358 966 510 1035 inomni
536 965 626 1034 vitae
653 963 913 1036 consuetudine.
970 969 1063 1040 illos
1087 969 1310 1040 tertiusnobit

357 1087 493 1158 acceffit
517 1085 704 1160 llndioruut
730 1085 844 1158 locius
872 1087 1040 1158 Matthias
1067 1088 1311 1176 Temminltius,

321 1295 328 1304 Ι
355 1210 411 1280 vir
430 1209 606 1300 optimus,
632 1203 857 1301 Wellblingio
876 1205 1022 1280 dotlore
1045 1210 1172 1278 eximia
1193 1209 1312 1282 Litern-

358 1349 434 1396 rum
454 1322 489 1398 bt
508 1323 678 1397 Hilloriae
695 1327 835 1398 scientia
852 1325 1026 1411 eruditus,
1052 1349 1179 1400 novam
1204 1328 1313 1400 editio·

357 1468 437 1519 nem
455 1445 750 1537 Aethiopicomm
766 1443 952 1518 Heliodori
972 1444 1136 1518 moliens.
1182 1448 1248 1524 Hic
1261 1471 1314 1522 nu·

359 1568 416 1638 bis
433 1566 537 1660 plane
552 1585 641 1652 erat,
672 1567 767 1640 miris
781 1565 963 1662 sapientia
984 1565 1110 1639 Laeli:
1134 1568 1234 1661 cujus
1247 1589 1312 1640 cum

357 1688 502 1762 lenitate
527 1708 605 1782 tuus
632 1687 769 1774 fervor,
793 1687 913 1760 nescio
935 1685 1139 1778 quomodo,
1162 1712 1318 1788 congrue·

363 1812 436 1883 bar.
487 1807 657 1896 lnt'tres,
693 1829 814 1904 magna
846 1808 1066 1882 voluntatum
1089 1813 1317 1894 consenione,

361 1931 560 2003 sodalitium
582 1929 781 2022 junximus,
806 1923 843 2000 tin
863 1929 1079 2002 sermonibus
1098 1931 1142 2006 de
1157 1931 1248 2003 omni
1266 1928 1318 1999 Li·

363 2069 512 2120 cerarum
545 2067 702 2142 genere,
737 2071 809 2120 tum
833 2071 919 2124 vero
942 2049 1096 2124 leilinne
1121 2047 1322 2145 Sophoclis,

362 2165 565 2262 Euripidis,
582 2167 616 2242 iit
631 2170 871 2264 Aristophanis
887 2168 1195 2263 frequentavimus.
1231 2165 1321 2239 lianc

359 2295 533 2368 radonem
556 2311 619 2385 per
641 2290 818 2364 biennium
842 2293 1025 2365 tenuimus.
1077 2293 1326 2367 Temminltium

364 2409 565 2506 respublica
580 2411 642 2484 libi
661 2411 812 2486 aileruit:
840 2413 939 2508 cujus
958 2411 1199 2504 compluribus
1216 2433 1326 2487 mune·

362 2537 459 2612 ribus
483 2553 605 2630 magna
629 2535 665 2606 in
690 2554 886 2629 temporum
912 2539 1095 2634 uarietme,
1122 2558 1244 2634 magna
1271 2533 1328 2605 fide

366 2641 545 2742 luniium,
572 2675 664 2727 nunc
682 2653 791 2726 Leida
806 2657 919 2729 nostra
935 2657 1083 2729 fovet'in
1100 2659 1180 2728 otio
1195 2658 1331 2730 literato

334 2778 404 2852 ’.ἂ
430 2782 493 2872 ρίο
520 2777 781 2865 senescentema
819 2780 983 2852 omnibus
1011 2777 1154 2849 literatis
1181 2777 1333 2868 optanti·

368 2901 459 2987 bus,
483 2917 523 2970 ut
546 2893 719 2968 Heh‘doro
742 2899 823 2980 sno,
849 2919 907 2970 aut
930 2899 1020 2994 ipse,
1044 2915 1102 2968 aut
1124 2895 1337 2990 paralium,

364 3020 544 3115 publicam
569 3016 683 3102 lucem
710 3021 895 3110 impertiat.
1011 3075 1014 3082 -

416 3137 544 3230 Neque
580 3159 665 3210 vero
704 3139 848 3214 alterum
887 3143 1091 3218 reticeamus
1120 3139 1340 3222 sodalitium,

368 3259 466 3353 quod
486 3258 643 3332 adiebus
658 3259 805 3348 Martis,
830 3263 958 3355 quibus
974 3263 1113 3361 fingulis
1127 3263 1343 3343 hebebatur,

323 3475 331 3484 ,
366 3381 540 3456 martiale
562 3385 811 3479 cognominare
835 3383 1053 3476 solebamus,
1095 3403 1170 3456 non
1206 3383 1346 3476 quidem

369 3503 459 3576 illud
480 3506 585 3578 unice
605 3501 729 3575 nostris
758 3503 887 3578 Literis
915 3525 1102 3593 earumque
1127 3501 1348 3578 commenta·

370 3621 547 3710 tionibus,
572 3619 630 3693 se'd
660 3620 817 3694 universe
839 3621 949 3696 doctis
974 3621 1009 3695 bt
1030 3625 1205 3715 jucundis
1230 3622 1349 3696 consa·

366 3742 607 3816 bulationibus
629 3741 810 3826 dicatum,
850 3737 885 3813 &
910 3762 1126 3833 peramanter
1162 3743 1349 3837 Junetum

277 3859 280 3864 ’
370 3861 491 3952 ctrjus,
522 3861 710 3938 nobiscum
742 3861 881 3951 tribus,
915 3865 1071 3956 quinque
1103 3860 1172 3936 alii
1216 3863 1349 3940 fuerunt

370 3977 514 4054 sodales

1182 4131 1188 4138 ·
1280 4101 1349 4176 Fui
