2786 5174
1 673 2 678 ‘
74 690 144 758 tino
161 683 328 779 inpulsu,
362 679 510 777 &quai
535 683 637 778 ipius
661 681 816 762 Platonis
843 691 1020 781 instituta,

75 807 200 899 adeius
222 799 440 879 Phaedonem
464 805 633 882 eundum
658 829 713 881 me
738 807 895 900 conjeci:
921 807 1028 882 nolui·
1122 815 1127 824 “

75 925 153 998 Tibi
178 927 299 1004 iibrunr
333 925 547 1010 inscribere,
581 927 681 1022 cujrrs
710 927 814 1002 nobis
839 948 910 1002 non
943 929 1028 1004 effen

77 1069 247 1123 conrnune
268 1048 426 1125 studium,
475 1045 603 1140 Neque
617 1069 703 1120 vero
718 1050 872 1144 privatus
890 1049 957 1122 fuit
971 1051 1027 1122 in·

75 1168 222 1263 [requern
243 1189 453 1266 movenatur,
480 1169 515 1240 in
538 1169 950 1263 orrtiquis=Scriptoribus
968 1169 1026 1246 vel

74 1287 114 1356 ad
134 1309 241 1364 meum
263 1289 362 1365 nsum
387 1293 435 1362 ita
464 1285 678 1386 relegendis,
711 1309 751 1366 ut
782 1293 870 1364 mihi·
888 1289 1027 1374 uiderer

75 1406 184 1481 multis
204 1407 293 1484 locis
316 1413 360 1486 ad
386 1405 654 1507 intelligentiam·
675 1406 711 1484 Gt
744 1381 1025 1482 emendationem

74 1529 261 1618 profeciffe:
287 1534 345 1608 vel
367 1529 629 1624 interpretandis
645 1530 688 1604 ad
706 1529 955 1626 discipulorum
971 1533 1027 1606 in·

73 1649 294 1726 stitutionem:
313 1674 389 1746 quo
412 1655 447 1724 in
470 1671 605 1748 genera¹
619 1649 831 1726 Horatianos
855 1650 1026 1746 quosdam

73 1767 190 1860 libros,
215 1774 324 1862 ueluti
348 1773 447 1850 iiluin
464 1773 524 1848 De
539 1773 626 1851 Arte
640 1769 804 1868 Pontion,
832 1769 1026 1866 Epistulam

75 1891 330 1992 anagniam,
355 1893 464 1982 alios,
491 1891 659 1984 quosdam
683 1896 768 1966 item
793 1889 1027 1990 Virgilianos,

77 2030 138 2082 turn
174 2013 425 2088 Ciceronianus
472 2011 532 2086 De
572 2013 734 2102 Officiis,
774 2011 817 2084 de
849 2013 1027 2110 Legibus,

1 2119 2 2124 ‘
76 2127 323 2224 neomuto,
358 2135 418 2209 De
450 2133 699 2221 Divinatione,
736 2132 794 2208 De
822 2135 1029 2225 Senectute,

75 2246 126 2321 De
138 2251 318 2341 Amicitia,
341 2253 539 2343 Pandora,
571 2257 751 2329 nedicunt
780 2255 822 2326 de
847 2255 1028 2336 Orationi-

75 2369 133 2442 bus
148 2367 181 2442 &
196 2372 377 2466 Epistolis:
405 2377 469 2450 hos
493 2379 601 2474 igitur
615 2377 727 2450 libros
742 2380 777 2449 in
794 2377 925 2450 scholis
941 2376 1027 2452 meis

75 2491 387 2582 interpretantium
403 2495 447 2570 ad
460 2519 539 2570 eum
558 2495 720 2581 modum,
746 2499 807 2588 qui
823 2497 898 2569 iere
912 2513 1026 2572 nouat
1184 2483 1189 2492 ’

76 2611 228 2686 editionis
250 2616 347 2690 instar
372 2615 465 2692 effet.
522 2612 578 2689 Ex
610 2615 664 2688 iris
687 2627 795 2706 quum
825 2636 904 2689 ante
929 2617 1029 2688 bien·

74 2731 181 2820 niun,
207 2733 305 2808 ilium
321 2735 376 2810 De
392 2737 578 2811 Seneiiute.
599 2737 685 2811 'Pibi
707 2733 1028 2842 inscriptunsedere
1091 2803 1093 2812 A

5 2872 7 2876 ’
72 2856 325 2946 constituissem,
352 2859 478 2950 Tuque
502 2855 601 2931 iliani
626 2859 720 2953 spem
747 2857 870 2932 lubens
890 2857 1025 2950 'praecis

4 2951 12 2964 ’
72 2995 181 3066 peres,
206 2999 289 3050 mox
315 2979 491 3062 intellexi,
518 2981 540 3052 fi
557 2977 695 3072 quidem
712 2997 784 3049 non
801 2973 909 3050 modo
925 2973 1024 3062 aliia,

72 3093 120 3164 sed
142 3097 209 3189 ipse
231 3099 339 3185 mihi,
365 3098 560 3172 satisfacere
586 3098 742 3184 ¹vellem,
777 3117 941 3190 apparatu
966 3111 1027 3168 va·

72 3217 185 3288 rianttn
200 3217 389 3292 leiiionunr
415 3241 457 3292 ex
475 3218 624 3312 antiquis
641 3217 740 3297 libris
756 3241 845 3312 opus
861 3217 937 3290 fote
953 3201 1028 3288 am?

70 3330 195 3422 piiorn,
218 3359 325 3431 qaam
348 3359 452 3432 quern
474 3340 549 3431 ipse
575 3347 732 3433 tempore
756 3358 824 3412 tam
844 3339 1029 3412 multisla·

68 3452 198 3532 boribus
212 3482 395 3554 occupato
412 3458 630 3555 colligerem.
678 3460 799 3552 ltaque
815 3462 885 3534 hoc
902 3461 1028 3532 editio·

8 3593 11 3598 ’·
69 3581 638 3676 nunautabjecimnseoniilium,
664 3601 723 3653 aut
741 3601 836 3654 certe
861 3584 895 3652 in
913 3579 1028 3672 posto
1187 3593 1192 3606 ·

68 3712 137 3766 turn
152 3703 359 3794 teiecnnns:
387 3696 422 3772 &
440 3703 461 3774 ii
479 3700 563 3796 quid
579 3705 613 3774 iu
628 3700 822 3776 scholarum
840 3699 1029 3776 nostrarum

69 3809 190 3888 drusus
209 3841 337 3894 norae
355 3820 447 3896 lucis
461 3823 599 3910 indier,
627 3836 740 3894 toturn
756 3821 825 3892 hoc
842 3823 875 3894 in
892 3821 1028 3895 Biblio-

68 3927 157 4008 theca
173 3935 337 4047 Ctitica,
356 3941 534 4034 nouando
552 3961 627 4023 eam
643 3943 920 4032 instauraremus,
946 3963 1028 4036 pro·

485 4105 488 4116 .
558 4061 577 4102 *
603 4085 624 4131 2
953 4059 1035 4131 dere
