2752 5166
131 488 531 584 ortationes
568 491 925 604 strumosus.
977 529 1047 606 top

56 671 132 748 dum
165 695 203 748 ae
232 663 454 766 dirigendum·
506 668 619 773 Quare
654 672 751 774 saepe
782 683 918 759 miratus
952 685 1044 774 sum,

57 799 154 877 fuisse
176 796 321 890 homines
341 792 434 868 haud
462 793 634 891 indubios,
665 799 724 894 qui
746 801 842 902 hujus
860 807 955 885 libelli
974 815 1044 890 vim

61 949 125 1000 nou
138 938 299 1019 caperent.
336 921 379 996 ‘F
381 919 430 995 uit
445 921 501 1020 qui
521 945 600 1002 eum
628 921 753 1002 omissis
777 930 1045 1014 Animadversa.

61 1049 146 1122 nibus
161 1043 411 1122 Ruhnkenianis
427 1067 617 1146 repeteret:
636 1049 716 1145 qui,
736 1073 804 1150 quo
821 1058 952 1137 enuntio
969 1063 1043 1136 uhts

61 1171 170 1260 suerit,
202 1172 273 1269 ipse
296 1169 431 1248 viderit.
466 1171 544 1246 Fuit
567 1173 667 1268 alius,
682 1174 910 1274 Philosophiae
926 1185 1044 1258 liin-s·

58 1299 133 1370 riam
148 1296 303 1388 metans,
327 1293 384 1392 qui
397 1314 594 1402 quereretur
607 1321 722 1397 parum
739 1302 809 1377 esse
832 1303 986 1380 utilitatis
1010 1307 1046 1384 iu

61 1424 122 1497 hoc
140 1423 216 1496 libro
234 1421 274 1494 ad
290 1422 460 1496 Platonem
478 1424 743 1523 intelligendum.
795 1431 932 1506 Scilicet
947 1429 1046 1528 igno'·
1071 1495 1077 1508 .

58 1552 164 1638 rabat,
196 1567 256 1626 aut
287 1571 355 1624 non
386 1547 575 1644 cogitabat,
607 1554 658 1624 vir
682 1551 821 1645 doetus,
856 1551 935 1652 quid
958 1555 1045 1632 esset

61 1675 311 1765 Grammaticus,
350 1673 503 1770 quidque*
529 1676 571 1750 ab
601 1699 644 1752 eo
674 1676 905 1774 postulandum
946 1680 1044 1760 esset·

58 1805 187 1886 Prunum
211 1799 318 1874 oratio
332 1800 477 1874 Platonis
493 1802 710 1900 percipienda
733 1820 806 1894 est,
829 1803 951 1880 deinde
967 1780 1045 1887 Pni-

62 1929 207 2026 losopbia:
233 1947 298 2002 nec
309 1925 537 2023 philosophice
555 1927 694 2029 intelligi
710 1947 845 2026 potest,
871 1930 929 2004 nisi
945 1951 1043 2006 antea

64 2053 270 2165 Grammatite
289 2051 477 2139 intelleslus
499 2054 614 2132 suerit.
668 2060 795 2156 Neque
831 2051 919 2131 enim
951 2055 1044 2151 cogi·

66 2177 271 2267 tandisolum,
296 2178 352 2251 sed
371 2177 556 2254 &dicendi
576 2181 719 2260 summus
738 2181 856 2258 author
869 2183 911 2254 ab
940 2181 1041 2256 huri·

62 2303 128 2396 quis
147 2301 273 2380 babitus
289 2325 343 2379 est
366 2307 475 2380 Plato.
524 2308 640 2404 Itaque
662 2305 780 2384 nactus
802 2325 855 2378 est
877 2307 1041 2404 interpre-

62 2447 110 2500 tes
129 2452 191 2502 nou
204 2430 303 2504 modo
321 2427 552 2528 Philosophus,
577 2429 633 2529 qui
649 2431 721 2528 ejus
736 2429 919 2514 doctrinam
939 2430 1044 2528 expli·

70 2571 189 2626 carent:
205 2553 310 2634 sed&
327 2555 512 2646 Rhetores‚
528 2556 586 2654 qui
608 2553 767 2628 orationis
782 2556 961 2632 artificium
984 2579 1044 2631 ex·

65 2697 240 2774 ponerent:
265 2679 302 2754 dt
323 2680 581 2770 Grammaticos,
604 2677 660 2776 qui
678 2700 784 2752 voces
800 2682 948 2778 antiquas
969 2678 1045 2756 &a

62 2801 225 2880 communi
237 2804 293 2878 usu
313 2804 471 2902 sejunctas
496 2803 804 2901 interpretarentur.
845 2802 920 2878 'Sed
943 2825 1045 2878 nemo

61 2955 204 3030 umquam
230 2949 289 3006 aut
312 2927 528 3028 Philosophus
561 2925 774 3025 dedimam,
815 2947 872 3002 aut
891 2931 1044 3025 „tristor

60 3057 206 3132 emtionis
228 3055 426 3140 artificium,
457 3075 555 3130 antea
586 3073 755 3148 exponere
776 3053 946 3152 aggressus
969 3073 1044 3146 est,

53 3208 144 3278 quam
171 3184 432 3260 Grammaticam
466 3181 630 3256 rationem
667 3176 879 3274 percepisset.
943 3183 1044 3256 Haec

58 3288 139 3384 enim
155 3313 347 3408 reliquarum
367 3328 476 3382 rerum
498 3303 753 3402 intelligentiae,
777 3300 943 3404 'tamquam
967 3305 1046 3378 fun·

51 3438 254 3526 damentum,
280 3435 429 3535 subjesla
451 3449 535 3508 erat.
588 3431 748 3508 Timaeus
774 3428 847 3504 fuit
874 3435 1043 3504 Gramma·
1131 3409 1137 3422 ¹

53 3567 146 3651 dots,
170 3562 413 3654 esecu105ut
439 3557 594 3634 credibile
620 3571 693 3643 est,
725 3554 839 3630 tertio.
891 3559 1045 3632 Lesicon

56 3691 116 3784 ejus
141 3715 180 3768 an
201 3687 381 3786 integrum
401 3685 442 3758 ad
468 3707 526 3758 nos
546 3680 759 3779 pervenerit,
793 3679 891 3756 statui
918 3685 1046 3782 nequit.

59 3816 161 3906 Certe,
198 3813 316 3889 multo
350 3811 458 3910 plures
484 3811 560 3884 sunt
590 3807 625 3882 in
648 3809 786 3880 Platone
810 3828 936 3899 voces,
960 3832 1044 3906 quae

52 3939 309 4018 Grammaticam
326 3933 634 4034 interpretationem
650 3927 845 4005 desiderent.
869 3934 934 4008 Sed
949 3934 1048 4030 quid·
1100 3955 1103 3962 ·

45 4063 119 4167 quid
135 4068 209 4164 ejus
225 4065 290 4140 ries
306 4061 452 4154 est‚vel
466 4059 614 4160 superest
624 4077 795 4157 ‚maguam
810 4056 1048 4134 habetotilita·
1095 4087 1098 4092 Δ
1184 4091 1189 4100 -

977 4197 1046 4256 tem
1065 4187 1076 4210 ⁰
