<?xml version="1.0" encoding="UTF-8"?>
<!DOCTYPE html PUBLIC "-//W3C//DTD XHTML 1.0 Transitional//EN"
    "http://www.w3.org/TR/xhtml1/DTD/xhtml1-transitional.dtd">
<html xmlns="http://www.w3.org/1999/xhtml" xml:lang="en" lang="en">
 <head>
  <title>
</title>
<meta http-equiv="Content-Type" content="text/html;charset=utf-8" />
  <meta name='ocr-system' content='tesseract 3.04.00' />
  <meta name='ocr-capabilities' content='ocr_page ocr_carea ocr_par ocr_line ocrx_word'/>
</head>
<body>
  <div class='ocr_page' id='page_1' title='image "./bibliothecacrit02wyttgoog_0278.png"; bbox 0 0 2786 5174; ppageno 0'>
   <div class='ocr_carea' id='block_1_1' title="bbox 307 499 1224 604">
    <p class='ocr_par' dir='ltr' id='par_1_1' title="bbox 307 499 1224 604">
     <span class='ocr_line' id='line_1_1' title="bbox 307 499 1224 604; baseline -0.004 -8"><span class='ocrx_word' id='word_1_1' title='bbox 307 532 382 604; x_wconf 83' lang='lat'>&#39;128</span> <span class='ocrx_word' id='word_1_2' title='bbox 434 503 825 594; x_wconf 75' lang='lat' dir='ltr'>nnnn‘rroruus</span> <span class='ocrx_word' id='word_1_3' title='bbox 870 499 1224 595; x_wconf 73' lang='lat' dir='ltr'><strong>BREVIORES.</strong></span> 
     </span>
    </p>
   </div>
   <div class='ocr_carea' id='block_1_2' title="bbox 227 683 1387 1544">
    <p class='ocr_par' dir='ltr' id='par_1_2' title="bbox 227 683 1387 1544">
     <span class='ocr_line' id='line_1_2' title="bbox 312 683 1320 785; baseline 0.004 -20"><span class='ocrx_word' id='word_1_4' title='bbox 312 694 417 780; x_wconf 78' lang='lat' dir='ltr'>lnce,</span> <span class='ocrx_word' id='word_1_5' title='bbox 440 688 479 763; x_wconf 84' lang='lat' dir='ltr'>dr</span> <span class='ocrx_word' id='word_1_6' title='bbox 497 684 629 781; x_wconf 87' lang='lat' dir='ltr'>reliquis</span> <span class='ocrx_word' id='word_1_7' title='bbox 644 697 759 757; x_wconf 84' lang='lat' dir='ltr'>eorum</span> <span class='ocrx_word' id='word_1_8' title='bbox 777 683 921 783; x_wconf 85' lang='lat' dir='ltr'>scriptis,</span> <span class='ocrx_word' id='word_1_9' title='bbox 939 687 1060 785; x_wconf 84' lang='lat' dir='ltr'>dignae</span> <span class='ocrx_word' id='word_1_10' title='bbox 1076 685 1199 766; x_wconf 87' lang='lat' dir='ltr'>essent.</span> <span class='ocrx_word' id='word_1_11' title='bbox 1215 693 1320 768; x_wconf 84' lang='lat' dir='ltr'>Cunt·</span> 
     </span>
     <span class='ocr_line' id='line_1_3' title="bbox 313 813 1319 921; baseline -0.003 -28"><span class='ocrx_word' id='word_1_12' title='bbox 313 845 379 919; x_wconf 83' lang='lat' dir='ltr'>que</span> <span class='ocrx_word' id='word_1_13' title='bbox 395 817 514 913; x_wconf 84' lang='lat' dir='ltr'>scripta</span> <span class='ocrx_word' id='word_1_14' title='bbox 528 835 639 921; x_wconf 81' lang='lat' dir='ltr'>earnm</span> <span class='ocrx_word' id='word_1_15' title='bbox 657 813 809 908; x_wconf 81' lang='lat' dir='ltr'>exempla</span> <span class='ocrx_word' id='word_1_16' title='bbox 824 813 1004 887; x_wconf 85' lang='lat' dir='ltr'>multorum</span> <span class='ocrx_word' id='word_1_17' title='bbox 1018 813 1054 890; x_wconf 91' lang='lat' dir='ltr'>in</span> <span class='ocrx_word' id='word_1_18' title='bbox 1071 813 1226 890; x_wconf 84' lang='lat' dir='ltr'>manibus</span> <span class='ocrx_word' id='word_1_19' title='bbox 1243 841 1319 894; x_wconf 73' lang='lat' dir='ltr'>ven</span> 
     </span>
     <span class='ocr_line' id='line_1_4' title="bbox 313 936 1354 1036; baseline 0 -16"><span class='ocrx_word' id='word_1_20' title='bbox 313 947 481 1032; x_wconf 74' lang='lat' dir='ltr'>farentur,</span> <span class='ocrx_word' id='word_1_21' title='bbox 506 936 692 1014; x_wconf 90' lang='lat' dir='ltr'>verendutn</span> <span class='ocrx_word' id='word_1_22' title='bbox 717 959 790 1015; x_wconf 88' lang='lat' dir='ltr'>erat</span> <span class='ocrx_word' id='word_1_23' title='bbox 805 937 1039 1036; x_wconf 83' lang='lat' dir='ltr'>nealiquando</span> <span class='ocrx_word' id='word_1_24' title='bbox 1053 939 1175 1016; x_wconf 88' lang='lat' dir='ltr'>vitiose</span> <span class='ocrx_word' id='word_1_25' title='bbox 1189 942 1232 1020; x_wconf 72' lang='lat' dir='ltr'>dr</span> <span class='ocrx_word' id='word_1_26' title='bbox 1251 969 1320 1020; x_wconf 88' lang='lat' dir='ltr'>cor·</span> <span class='ocrx_word' id='word_1_27' title='bbox 1350 963 1354 972; x_wconf 82' lang='grc'><em>’</em></span> 
     </span>
     <span class='ocr_line' id='line_1_5' title="bbox 312 1065 1319 1165; baseline 0.001 -21"><span class='ocrx_word' id='word_1_28' title='bbox 312 1086 412 1165; x_wconf 87' lang='lat' dir='ltr'>rupte</span> <span class='ocrx_word' id='word_1_29' title='bbox 427 1067 623 1142; x_wconf 85' lang='lat' dir='ltr'>ederentur:</span> <span class='ocrx_word' id='word_1_30' title='bbox 645 1065 734 1163; x_wconf 89' lang='lat' dir='ltr'>quod</span> <span class='ocrx_word' id='word_1_31' title='bbox 752 1067 820 1164; x_wconf 79' lang='lat' dir='ltr'>J&#39;ani</span> <span class='ocrx_word' id='word_1_32' title='bbox 848 1086 927 1142; x_wconf 84' lang='lat' dir='ltr'>ante</span> <span class='ocrx_word' id='word_1_33' title='bbox 942 1065 1003 1138; x_wconf 90' lang='lat' dir='ltr'>hos</span> <span class='ocrx_word' id='word_1_34' title='bbox 1018 1065 1199 1142; x_wconf 89' lang='lat' dir='ltr'>duodecim</span> <span class='ocrx_word' id='word_1_35' title='bbox 1216 1093 1319 1148; x_wconf 86' lang='lat' dir='ltr'>annos</span> 
     </span>
     <span class='ocr_line' id='line_1_6' title="bbox 312 1189 1387 1290; baseline -0.002 -20"><span class='ocrx_word' id='word_1_36' title='bbox 312 1189 716 1289; x_wconf 81' lang='lat' dir='ltr'>accideratLennepiano</span> <span class='ocrx_word' id='word_1_37' title='bbox 731 1191 841 1268; x_wconf 88' lang='lat' dir='ltr'>libello</span> <span class='ocrx_word' id='word_1_38' title='bbox 855 1192 898 1265; x_wconf 93' lang='lat' dir='ltr'>de</span> <span class='ocrx_word' id='word_1_39' title='bbox 912 1191 1091 1290; x_wconf 83' lang='lat' dir='ltr'>Analogia:</span> <span class='ocrx_word' id='word_1_40' title='bbox 1109 1216 1242 1290; x_wconf 74' lang='lat' dir='ltr'>quern,</span> <span class='ocrx_word' id='word_1_41' title='bbox 1264 1217 1317 1268; x_wconf 87' lang='lat' dir='ltr'>ne·</span> <span class='ocrx_word' id='word_1_42' title='bbox 1386 1197 1387 1200; x_wconf 72' lang='grc'>’</span> 
     </span>
     <span class='ocr_line' id='line_1_7' title="bbox 227 1315 1312 1418; baseline -0.005 -21"><span class='ocrx_word' id='word_1_43' title='bbox 227 1363 230 1374; x_wconf 89' lang='grc'>·</span> <span class='ocrx_word' id='word_1_44' title='bbox 314 1320 385 1397; x_wconf 81' lang='lat' dir='ltr'>scio</span> <span class='ocrx_word' id='word_1_45' title='bbox 398 1319 501 1418; x_wconf 84' lang='lat' dir='ltr'>&#39;quis,</span> <span class='ocrx_word' id='word_1_46' title='bbox 518 1315 723 1392; x_wconf 82' lang='lat' dir='ltr'>vitiosulirne</span> <span class='ocrx_word' id='word_1_47' title='bbox 738 1317 855 1394; x_wconf 86' lang='lat' dir='ltr'>edidit.</span> <span class='ocrx_word' id='word_1_48' title='bbox 904 1320 1021 1418; x_wconf 78' lang='lat' dir='ltr'>ltaque</span> <span class='ocrx_word' id='word_1_49' title='bbox 1043 1317 1150 1418; x_wconf 84' lang='lat' dir='ltr'>gratia</span> <span class='ocrx_word' id='word_1_50' title='bbox 1164 1319 1312 1394; x_wconf 85' lang='lat' dir='ltr'>habenda</span> 
     </span>
     <span class='ocr_line' id='line_1_8' title="bbox 314 1437 1317 1544; baseline -0.001 -26"><span class='ocrx_word' id='word_1_51' title='bbox 314 1464 368 1518; x_wconf 85' lang='lat' dir='ltr'>est</span> <span class='ocrx_word' id='word_1_52' title='bbox 397 1437 574 1534; x_wconf 81' lang='lat' dir='ltr'>scheidio,</span> <span class='ocrx_word' id='word_1_53' title='bbox 613 1443 690 1520; x_wconf 89' lang='lat' dir='ltr'>viro</span> <span class='ocrx_word' id='word_1_54' title='bbox 713 1441 925 1536; x_wconf 65' lang='lat' dir='ltr'>doctissimo,</span> <span class='ocrx_word' id='word_1_55' title='bbox 957 1446 1072 1544; x_wconf 88' lang='lat' dir='ltr'>quiin</span> <span class='ocrx_word' id='word_1_56' title='bbox 1099 1441 1152 1518; x_wconf 86' lang='lat' dir='ltr'>bis</span> <span class='ocrx_word' id='word_1_57' title='bbox 1188 1443 1317 1543; x_wconf 82' lang='lat' dir='ltr'>scriptis</span> 
     </span>
    </p>
   </div>
   <div class='ocr_carea' id='block_1_3' title="bbox 169 1566 1318 1667">
    <p class='ocr_par' dir='ltr' id='par_1_3' title="bbox 169 1566 1318 1667">
     <span class='ocr_line' id='line_1_9' title="bbox 169 1566 1318 1667; baseline 0 -25"><span class='ocrx_word' id='word_1_58' title='bbox 169 1619 183 1642; x_wconf 58' lang='lat'><em>1</em></span> <span class='ocrx_word' id='word_1_59' title='bbox 316 1567 452 1648; x_wconf 84' lang='lat' dir='ltr'>edendis</span> <span class='ocrx_word' id='word_1_60' title='bbox 468 1566 516 1641; x_wconf 87' lang='lat' dir='ltr'>ita</span> <span class='ocrx_word' id='word_1_61' title='bbox 533 1593 667 1667; x_wconf 78' lang='lat' dir='ltr'>operam</span> <span class='ocrx_word' id='word_1_62' title='bbox 679 1567 848 1658; x_wconf 82' lang='lat' dir='ltr'>navavit„</span> <span class='ocrx_word' id='word_1_63' title='bbox 867 1587 907 1642; x_wconf 89' lang='lat' dir='ltr'>ut</span> <span class='ocrx_word' id='word_1_64' title='bbox 923 1587 1121 1644; x_wconf 84' lang='lat' dir='ltr'>contextum</span> <span class='ocrx_word' id='word_1_65' title='bbox 1141 1571 1318 1644; x_wconf 86' lang='lat' dir='ltr'>emendate</span> 
     </span>
    </p>
   </div>
   <div class='ocr_carea' id='block_1_4' title="bbox 239 1687 1320 1918">
    <p class='ocr_par' dir='ltr' id='par_1_4' title="bbox 239 1687 1320 1918">
     <span class='ocr_line' id='line_1_10' title="bbox 239 1687 1320 1792; baseline -0.002 -26"><span class='ocrx_word' id='word_1_66' title='bbox 239 1701 246 1724; x_wconf 76' lang='lat'>⁸</span> <span class='ocrx_word' id='word_1_67' title='bbox 315 1693 511 1785; x_wconf 83' lang='lat' dir='ltr'>exhiberet,</span> <span class='ocrx_word' id='word_1_68' title='bbox 543 1687 718 1792; x_wconf 75' lang='lat' dir='ltr'>praemissa</span> <span class='ocrx_word' id='word_1_69' title='bbox 753 1692 855 1768; x_wconf 86' lang='lat' dir='ltr'>etiarn</span> <span class='ocrx_word' id='word_1_70' title='bbox 882 1692 1152 1791; x_wconf 80' lang='lat' dir='ltr'>praefatione&amp;</span> <span class='ocrx_word' id='word_1_71' title='bbox 1181 1695 1320 1791; x_wconf 90' lang='lat' dir='ltr'>interje-</span> 
     </span>
     <span class='ocr_line' id='line_1_11' title="bbox 317 1817 1316 1918; baseline -0.002 -24"><span class='ocrx_word' id='word_1_72' title='bbox 317 1817 381 1894; x_wconf 76' lang='lat' dir='ltr'>urs</span> <span class='ocrx_word' id='word_1_73' title='bbox 397 1817 733 1896; x_wconf 74' lang='lat' dir='ltr'>animadversionibus</span> <span class='ocrx_word' id='word_1_74' title='bbox 751 1819 940 1918; x_wconf 89' lang='lat' dir='ltr'>notulisque</span> <span class='ocrx_word' id='word_1_75' title='bbox 954 1819 997 1893; x_wconf 93' lang='lat' dir='ltr'>de</span> <span class='ocrx_word' id='word_1_76' title='bbox 1010 1821 1138 1896; x_wconf 87' lang='lat' dir='ltr'>ratione</span> <span class='ocrx_word' id='word_1_77' title='bbox 1153 1821 1316 1917; x_wconf 86' lang='lat' dir='ltr'>Analogi-</span> 
     </span>
    </p>
   </div>
   <div class='ocr_carea' id='block_1_5' title="bbox 6 1930 1318 2056">
    <p class='ocr_par' dir='ltr' id='par_1_5' title="bbox 6 1930 1318 2056">
     <span class='ocr_line' id='line_1_12' title="bbox 6 1930 1318 2056; baseline -0.024 -23"><span class='ocrx_word' id='word_1_78' title='bbox 6 1941 8 1952; x_wconf 19' lang='grc' dir='ltr'><em>Α</em></span> <span class='ocrx_word' id='word_1_79' title='bbox 124 2046 128 2056; x_wconf 31' lang='grc' dir='ltr'>Ι</span> <span class='ocrx_word' id='word_1_80' title='bbox 284 1946 473 2022; x_wconf 71' lang='grc' dir='ltr'>“ςειάοὸὶε</span> <span class='ocrx_word' id='word_1_81' title='bbox 488 1970 529 2020; x_wconf 85' lang='lat' dir='ltr'>ac</span> <span class='ocrx_word' id='word_1_82' title='bbox 543 1943 723 2043; x_wconf 83' lang='lat' dir='ltr'>diligenter</span> <span class='ocrx_word' id='word_1_83' title='bbox 738 1930 1150 2044; x_wconf 58' lang='lat' dir='ltr'>moneret&#39;&amp;exp0neret,</span> <span class='ocrx_word' id='word_1_84' title='bbox 1201 1947 1318 2041; x_wconf 68' lang='lat' dir='ltr'>Argu.</span> 
     </span>
    </p>
   </div>
   <div class='ocr_carea' id='block_1_6' title="bbox 179 2068 1387 4266">
    <p class='ocr_par' dir='ltr' id='par_1_6' title="bbox 179 2068 1387 4266">
     <span class='ocr_line' id='line_1_13' title="bbox 321 2068 1387 2168; baseline -0.003 -24"><span class='ocrx_word' id='word_1_85' title='bbox 321 2091 473 2146; x_wconf 86' lang='lat' dir='ltr'>mentum</span> <span class='ocrx_word' id='word_1_86' title='bbox 496 2072 535 2147; x_wconf 83' lang='lat' dir='ltr'>dr</span> <span class='ocrx_word' id='word_1_87' title='bbox 555 2071 694 2145; x_wconf 89' lang='lat' dir='ltr'>rnateria</span> <span class='ocrx_word' id='word_1_88' title='bbox 710 2072 883 2168; x_wconf 83' lang='lat' dir='ltr'>utriusque</span> <span class='ocrx_word' id='word_1_89' title='bbox 901 2069 974 2142; x_wconf 88' lang='lat' dir='ltr'>libri</span> <span class='ocrx_word' id='word_1_90' title='bbox 996 2093 1041 2146; x_wconf 86' lang='lat' dir='ltr'>ex</span> <span class='ocrx_word' id='word_1_91' title='bbox 1060 2093 1173 2146; x_wconf 88' lang='lat' dir='ltr'>eorum</span> <span class='ocrx_word' id='word_1_92' title='bbox 1193 2068 1322 2160; x_wconf 89' lang='lat' dir='ltr'>titulis,</span> <span class='ocrx_word' id='word_1_93' title='bbox 1386 2071 1387 2078; x_wconf 77' lang='grc'>’</span> 
     </span>
     <span class='ocr_line' id='line_1_14' title="bbox 319 2193 1323 2300; baseline -0.008 -26"><span class='ocrx_word' id='word_1_94' title='bbox 319 2223 404 2300; x_wconf 89' lang='lat' dir='ltr'>quos</span> <span class='ocrx_word' id='word_1_95' title='bbox 422 2193 634 2296; x_wconf 82' lang='lat' dir='ltr'>apposuimus</span> <span class='ocrx_word' id='word_1_96' title='bbox 649 2251 660 2284; x_wconf 92' lang='lat'>,</span> <span class='ocrx_word' id='word_1_97' title='bbox 676 2195 889 2293; x_wconf 86' lang='lat' dir='ltr'>intelligitur:</span> <span class='ocrx_word' id='word_1_98' title='bbox 903 2195 993 2290; x_wconf 87' lang='lat' dir='ltr'>prior</span> <span class='ocrx_word' id='word_1_99' title='bbox 1010 2197 1204 2271; x_wconf 87' lang='lat' dir='ltr'>continetur</span> <span class='ocrx_word' id='word_1_100' title='bbox 1229 2195 1323 2294; x_wconf 86' lang='lat' dir='ltr'>pagi·</span> 
     </span>
     <span class='ocr_line' id='line_1_15' title="bbox 322 2317 1323 2421; baseline -0.006 -23"><span class='ocrx_word' id='word_1_101' title='bbox 322 2321 373 2398; x_wconf 87' lang='lat' dir='ltr'>nis</span> <span class='ocrx_word' id='word_1_102' title='bbox 389 2345 481 2414; x_wconf 75' lang='lat'>519,</span> <span class='ocrx_word' id='word_1_103' title='bbox 505 2317 668 2416; x_wconf 81' lang='lat' dir='ltr'>posterior</span> <span class='ocrx_word' id='word_1_104' title='bbox 682 2343 786 2415; x_wconf 83' lang='lat'>1310.</span> <span class='ocrx_word' id='word_1_105' title='bbox 812 2321 1003 2414; x_wconf 85' lang='lat' dir='ltr'>Utrumque</span> <span class='ocrx_word' id='word_1_106' title='bbox 1020 2323 1170 2397; x_wconf 85' lang='lat' dir='ltr'>Graecae</span> <span class='ocrx_word' id='word_1_107' title='bbox 1189 2321 1323 2421; x_wconf 79' lang='lat' dir='ltr'>lInguae</span> 
     </span>
     <span class='ocr_line' id='line_1_16' title="bbox 321 2443 1387 2544; baseline -0.002 -22"><span class='ocrx_word' id='word_1_108' title='bbox 321 2446 470 2522; x_wconf 77' lang='lat' dir='ltr'>studiosis</span> <span class='ocrx_word' id='word_1_109' title='bbox 490 2466 698 2544; x_wconf 64' lang='lat' dir='ltr'>magnopere,</span> <span class='ocrx_word' id='word_1_110' title='bbox 717 2443 999 2524; x_wconf 84' lang='lat' dir='ltr'>commendamus.</span> <span class='ocrx_word' id='word_1_111' title='bbox 1386 2509 1387 2520; x_wconf 69' lang='grc'>,</span> 
     </span>
     <span class='ocr_line' id='line_1_17' title="bbox 328 2571 1387 2668; baseline -0.002 -20"><span class='ocrx_word' id='word_1_112' title='bbox 328 2653 334 2664; x_wconf 61' lang='grc'><strong>,</strong></span> <span class='ocrx_word' id='word_1_113' title='bbox 374 2574 463 2648; x_wconf 84' lang='lat' dir='ltr'>Vll.</span> <span class='ocrx_word' id='word_1_114' title='bbox 490 2573 524 2645; x_wconf 87' lang='lat' dir='ltr'>C.</span> <span class='ocrx_word' id='word_1_115' title='bbox 550 2573 668 2647; x_wconf 81' lang='lat' dir='ltr'>Valerii</span> <span class='ocrx_word' id='word_1_116' title='bbox 686 2571 798 2646; x_wconf 71' lang='lat' dir='ltr'>carnus·</span> <span class='ocrx_word' id='word_1_117' title='bbox 821 2571 934 2668; x_wconf 78' lang='lat' dir='ltr'>Elegia</span> <span class='ocrx_word' id='word_1_118' title='bbox 956 2573 999 2645; x_wconf 81' lang='lat' dir='ltr'>ad</span> <span class='ocrx_word' id='word_1_119' title='bbox 1018 2573 1198 2666; x_wconf 75' lang='lat' dir='ltr'>Mantum,</span> <span class='ocrx_word' id='word_1_120' title='bbox 1224 2571 1330 2646; x_wconf 74' lang='lat' dir='ltr'>Letti-</span> <span class='ocrx_word' id='word_1_121' title='bbox 1386 2601 1387 2604; x_wconf 44' lang='lat'>¹</span> 
     </span>
     <span class='ocr_line' id='line_1_18' title="bbox 322 2695 1387 2796; baseline -0.003 -23"><span class='ocrx_word' id='word_1_122' title='bbox 322 2723 409 2773; x_wconf 82' lang='lat' dir='ltr'>onem</span> <span class='ocrx_word' id='word_1_123' title='bbox 433 2698 590 2795; x_wconf 71' lang='lat' dir='ltr'>ronllitult</span> <span class='ocrx_word' id='word_1_124' title='bbox 613 2695 712 2770; x_wconf 81' lang='lat' dir='ltr'>Laut.</span> <span class='ocrx_word' id='word_1_125' title='bbox 746 2699 932 2786; x_wconf 81' lang='lat' dir='ltr'>Santeninr,</span> <span class='ocrx_word' id='word_1_126' title='bbox 966 2699 1111 2796; x_wconf 81' lang='lat' dir='ltr'>Lugduni</span> <span class='ocrx_word' id='word_1_127' title='bbox 1131 2701 1334 2773; x_wconf 66' lang='lat' dir='ltr'>Barbarum</span> <span class='ocrx_word' id='word_1_128' title='bbox 1386 2755 1387 2760; x_wconf 65' lang='lat'>,</span> 
     </span>
     <span class='ocr_line' id='line_1_19' title="bbox 324 2819 1338 2920; baseline 0.006 -30"><span class='ocrx_word' id='word_1_129' title='bbox 324 2823 409 2918; x_wconf 79' lang='lat' dir='ltr'>apud</span> <span class='ocrx_word' id='word_1_130' title='bbox 427 2821 471 2892; x_wconf 87' lang='lat' dir='ltr'>A.</span> <span class='ocrx_word' id='word_1_131' title='bbox 495 2819 536 2901; x_wconf 68' lang='lat' dir='ltr'>fid</span> <span class='ocrx_word' id='word_1_132' title='bbox 553 2819 598 2913; x_wconf 75' lang='lat' dir='ltr'>J,</span> <span class='ocrx_word' id='word_1_133' title='bbox 626 2823 782 2920; x_wconf 79' lang='lat' dir='ltr'>Honloop.</span> <span class='ocrx_word' id='word_1_134' title='bbox 806 2849 841 2916; x_wconf 88' lang='lat'>4.</span> <span class='ocrx_word' id='word_1_135' title='bbox 868 2831 973 2920; x_wconf 80' lang='lat'>1788.</span> <span class='ocrx_word' id='word_1_136' title='bbox 999 2825 1117 2897; x_wconf 86' lang='lat' dir='ltr'>Catulli</span> <span class='ocrx_word' id='word_1_137' title='bbox 1130 2823 1251 2896; x_wconf 87' lang='lat' dir='ltr'>eadem</span> <span class='ocrx_word' id='word_1_138' title='bbox 1277 2839 1338 2896; x_wconf 85' lang='lat' dir='ltr'>est</span> 
     </span>
     <span class='ocr_line' id='line_1_20' title="bbox 326 2942 1387 3046; baseline 0.002 -26"><span class='ocrx_word' id='word_1_139' title='bbox 326 2942 459 3032; x_wconf 66' lang='lat' dir='ltr'>causa,</span> <span class='ocrx_word' id='word_1_140' title='bbox 483 2961 568 3038; x_wconf 89' lang='lat' dir='ltr'>quae</span> <span class='ocrx_word' id='word_1_141' title='bbox 590 2959 746 3018; x_wconf 84' lang='lat' dir='ltr'>veterum</span> <span class='ocrx_word' id='word_1_142' title='bbox 769 2949 957 3026; x_wconf 72' lang='lat' dir='ltr'>Auctorurn</span> <span class='ocrx_word' id='word_1_143' title='bbox 979 2945 1215 3046; x_wconf 79' lang='lat' dir='ltr'>complurium:</span> <span class='ocrx_word' id='word_1_144' title='bbox 1240 2969 1339 3046; x_wconf 90' lang='lat' dir='ltr'>quo·</span> <span class='ocrx_word' id='word_1_145' title='bbox 1386 2963 1387 2982; x_wconf 69' lang='lat'><em>¹</em></span> 
     </span>
     <span class='ocr_line' id='line_1_21' title="bbox 325 3065 1387 3168; baseline 0.009 -26"><span class='ocrx_word' id='word_1_146' title='bbox 325 3089 402 3142; x_wconf 90' lang='lat' dir='ltr'>rum</span> <span class='ocrx_word' id='word_1_147' title='bbox 423 3090 491 3162; x_wconf 86' lang='lat' dir='ltr'>quo</span> <span class='ocrx_word' id='word_1_148' title='bbox 512 3065 589 3138; x_wconf 90' lang='lat' dir='ltr'>sunt</span> <span class='ocrx_word' id='word_1_149' title='bbox 612 3066 723 3162; x_wconf 87' lang='lat' dir='ltr'>plures</span> <span class='ocrx_word' id='word_1_150' title='bbox 743 3069 928 3168; x_wconf 85' lang='lat' dir='ltr'>editiones,</span> <span class='ocrx_word' id='word_1_151' title='bbox 960 3099 1004 3152; x_wconf 90' lang='lat' dir='ltr'>eo</span> <span class='ocrx_word' id='word_1_152' title='bbox 1022 3091 1075 3148; x_wconf 87' lang='lat' dir='ltr'>est</span> <span class='ocrx_word' id='word_1_153' title='bbox 1090 3073 1254 3150; x_wconf 83' lang='lat' dir='ltr'>incertior</span> <span class='ocrx_word' id='word_1_154' title='bbox 1274 3097 1339 3148; x_wconf 83' lang='lat' dir='ltr'>au·</span> <span class='ocrx_word' id='word_1_155' title='bbox 1386 3143 1387 3152; x_wconf 11' lang='grc' dir='ltr'>ἒ</span> 
     </span>
     <span class='ocr_line' id='line_1_22' title="bbox 329 3189 1336 3296; baseline 0.006 -28"><span class='ocrx_word' id='word_1_156' title='bbox 329 3189 466 3268; x_wconf 75' lang='lat' dir='ltr'>cloritas</span> <span class='ocrx_word' id='word_1_157' title='bbox 487 3189 669 3286; x_wconf 85' lang='lat' dir='ltr'>scripturae</span> <span class='ocrx_word' id='word_1_158' title='bbox 693 3190 912 3296; x_wconf 74' lang='lat' dir='ltr'>&amp;exempli</span> <span class='ocrx_word' id='word_1_159' title='bbox 960 3197 1045 3274; x_wconf 90' lang='lat' dir='ltr'>Inde</span> <span class='ocrx_word' id='word_1_160' title='bbox 1071 3221 1089 3273; x_wconf 88' lang='lat' dir='ltr'>a</span> <span class='ocrx_word' id='word_1_161' title='bbox 1115 3197 1336 3295; x_wconf 84' lang='lat' dir='ltr'>frequentata</span> 
     </span>
     <span class='ocr_line' id='line_1_23' title="bbox 326 3315 1387 3420; baseline 0.005 -25"><span class='ocrx_word' id='word_1_162' title='bbox 326 3315 576 3419; x_wconf 85' lang='lat' dir='ltr'>chalcographia</span> <span class='ocrx_word' id='word_1_163' title='bbox 598 3316 763 3394; x_wconf 81' lang='lat' dir='ltr'>editiones</span> <span class='ocrx_word' id='word_1_164' title='bbox 788 3323 1040 3420; x_wconf 84' lang='lat' dir='ltr'>hujus‘Poetae</span> <span class='ocrx_word' id='word_1_165' title='bbox 1061 3321 1265 3419; x_wconf 88' lang='lat' dir='ltr'>prodierunt</span> <span class='ocrx_word' id='word_1_166' title='bbox 1294 3325 1336 3401; x_wconf 87' lang='lat' dir='ltr'>ad</span> <span class='ocrx_word' id='word_1_167' title='bbox 1386 3397 1387 3400; x_wconf 74' lang='grc'>,</span> 
     </span>
     <span class='ocr_line' id='line_1_24' title="bbox 328 3443 1336 3550; baseline 0.005 -28"><span class='ocrx_word' id='word_1_168' title='bbox 328 3450 787 3544; x_wconf 79' lang='lat' dir='ltr'>centtuntpcrquasarnultis</span> <span class='ocrx_word' id='word_1_169' title='bbox 796 3449 931 3548; x_wconf 89' lang='lat' dir='ltr'>quidem</span> <span class='ocrx_word' id='word_1_170' title='bbox 947 3447 1002 3522; x_wconf 92' lang='lat' dir='ltr'>ille</span> <span class='ocrx_word' id='word_1_171' title='bbox 1017 3443 1146 3518; x_wconf 85' lang='lat' dir='ltr'>mendis</span> <span class='ocrx_word' id='word_1_172' title='bbox 1163 3471 1336 3550; x_wconf 81' lang='lat' dir='ltr'>purgatus</span> 
     </span>
     <span class='ocr_line' id='line_1_25' title="bbox 327 3567 1341 3671; baseline -0.002 -23"><span class='ocrx_word' id='word_1_173' title='bbox 327 3593 401 3666; x_wconf 82' lang='lat' dir='ltr'>est3</span> <span class='ocrx_word' id='word_1_174' title='bbox 425 3573 482 3648; x_wconf 90' lang='lat' dir='ltr'>sed</span> <span class='ocrx_word' id='word_1_175' title='bbox 499 3573 547 3646; x_wconf 82' lang='lat' dir='ltr'>ita</span> <span class='ocrx_word' id='word_1_176' title='bbox 563 3588 602 3644; x_wconf 92' lang='lat' dir='ltr'>ut</span> <span class='ocrx_word' id='word_1_177' title='bbox 616 3569 704 3644; x_wconf 79' lang='lat' dir='ltr'>haud</span> <span class='ocrx_word' id='word_1_178' title='bbox 721 3575 895 3670; x_wconf 82' lang='lat' dir='ltr'>pauciores</span> <span class='ocrx_word' id='word_1_179' title='bbox 920 3567 1130 3666; x_wconf 87' lang='lat' dir='ltr'>cornrptelae</span> <span class='ocrx_word' id='word_1_180' title='bbox 1149 3569 1341 3671; x_wconf 79' lang='lat' dir='ltr'>supcrsrnt,</span> 
     </span>
     <span class='ocr_line' id='line_1_26' title="bbox 327 3693 1339 3795; baseline 0 -21"><span class='ocrx_word' id='word_1_181' title='bbox 327 3719 437 3795; x_wconf 89' lang='lat' dir='ltr'>neque</span> <span class='ocrx_word' id='word_1_182' title='bbox 452 3696 496 3769; x_wconf 91' lang='lat' dir='ltr'>de</span> <span class='ocrx_word' id='word_1_183' title='bbox 513 3693 776 3771; x_wconf 68' lang='lat' dir='ltr'>correctionibus</span> <span class='ocrx_word' id='word_1_184' title='bbox 799 3695 948 3786; x_wconf 83' lang='lat' dir='ltr'>constet,</span> <span class='ocrx_word' id='word_1_185' title='bbox 973 3715 1088 3769; x_wconf 88' lang='lat' dir='ltr'>utrum</span> <span class='ocrx_word' id='word_1_186' title='bbox 1104 3696 1146 3769; x_wconf 85' lang='lat' dir='ltr'>ab</span> <span class='ocrx_word' id='word_1_187' title='bbox 1173 3697 1339 3795; x_wconf 86' lang='lat' dir='ltr'>ingenio,</span> 
     </span>
     <span class='ocr_line' id='line_1_27' title="bbox 327 3817 1387 3920; baseline 0.005 -27"><span class='ocrx_word' id='word_1_188' title='bbox 327 3843 370 3894; x_wconf 85' lang='lat' dir='ltr'>an</span> <span class='ocrx_word' id='word_1_189' title='bbox 391 3819 519 3916; x_wconf 81' lang='lat' dir='ltr'>scriptis</span> <span class='ocrx_word' id='word_1_190' title='bbox 536 3819 724 3903; x_wconf 87' lang='lat' dir='ltr'>codicibus,</span> <span class='ocrx_word' id='word_1_191' title='bbox 750 3821 878 3920; x_wconf 86' lang='lat' dir='ltr'>petitae</span> <span class='ocrx_word' id='word_1_192' title='bbox 899 3817 976 3896; x_wconf 81' lang='lat' dir='ltr'>stnt.</span> <span class='ocrx_word' id='word_1_193' title='bbox 1026 3821 1101 3916; x_wconf 84' lang='lat' dir='ltr'>Jarn</span> <span class='ocrx_word' id='word_1_194' title='bbox 1131 3819 1225 3896; x_wconf 88' lang='lat' dir='ltr'>enirn</span> <span class='ocrx_word' id='word_1_195' title='bbox 1251 3845 1344 3898; x_wconf 80' lang='lat' dir='ltr'>anno</span> <span class='ocrx_word' id='word_1_196' title='bbox 1386 3875 1387 3882; x_wconf 17' lang='lat' dir='ltr'>a</span> 
     </span>
     <span class='ocr_line' id='line_1_28' title="bbox 332 3943 1387 4042; baseline -0.007 -19"><span class='ocrx_word' id='word_1_197' title='bbox 332 3949 425 4036; x_wconf 89' lang='lat'>1486</span> <span class='ocrx_word' id='word_1_198' title='bbox 445 3943 664 4037; x_wconf 85' lang='lat' dir='ltr'>Parthenius,</span> <span class='ocrx_word' id='word_1_199' title='bbox 691 3945 781 4042; x_wconf 89' lang='lat' dir='ltr'>quod</span> <span class='ocrx_word' id='word_1_200' title='bbox 797 3967 878 4020; x_wconf 91' lang='lat' dir='ltr'>vere</span> <span class='ocrx_word' id='word_1_201' title='bbox 909 3943 957 4018; x_wconf 90' lang='lat' dir='ltr'>ait</span> <span class='ocrx_word' id='word_1_202' title='bbox 984 3945 1180 4034; x_wconf 82' lang='lat' dir='ltr'>Santenius,</span> <span class='ocrx_word' id='word_1_203' title='bbox 1211 3943 1342 4019; x_wconf 90' lang='lat' dir='ltr'>deinde</span> <span class='ocrx_word' id='word_1_204' title='bbox 1386 3993 1387 4016; x_wconf 40' lang='lat' dir='ltr'>r</span> 
     </span>
     <span class='ocr_line' id='line_1_29' title="bbox 179 4065 1387 4167; baseline -0.005 -19"><span class='ocrx_word' id='word_1_205' title='bbox 179 4137 184 4148; x_wconf 93' lang='lat'><em>.</em></span> <span class='ocrx_word' id='word_1_206' title='bbox 330 4067 405 4162; x_wconf 86' lang='lat' dir='ltr'>alii,</span> <span class='ocrx_word' id='word_1_207' title='bbox 420 4067 475 4144; x_wconf 92' lang='lat' dir='ltr'>sed</span> <span class='ocrx_word' id='word_1_208' title='bbox 493 4065 657 4166; x_wconf 81' lang='lat' dir='ltr'>inprimit</span> <span class='ocrx_word' id='word_1_209' title='bbox 667 4066 812 4167; x_wconf 82' lang='lat' dir='ltr'>Scaliger</span> <span class='ocrx_word' id='word_1_210' title='bbox 828 4069 868 4149; x_wconf 66' lang='grc' dir='ltr'><strong>ἃ</strong></span> <span class='ocrx_word' id='word_1_211' title='bbox 885 4070 1044 4163; x_wconf 83' lang='lat' dir='ltr'>Vosfius,</span> <span class='ocrx_word' id='word_1_212' title='bbox 1069 4069 1122 4143; x_wconf 91' lang='lat' dir='ltr'>ille</span> <span class='ocrx_word' id='word_1_213' title='bbox 1139 4067 1248 4144; x_wconf 83' lang='lat' dir='ltr'>nimia</span> <span class='ocrx_word' id='word_1_214' title='bbox 1268 4069 1346 4144; x_wconf 89' lang='lat' dir='ltr'>usus</span> <span class='ocrx_word' id='word_1_215' title='bbox 1386 4155 1387 4158; x_wconf 4' lang='grc' dir='ltr'><strong><em>Ν</em></strong></span> 
     </span>
     <span class='ocr_line' id='line_1_30' title="bbox 879 4190 1349 4266; baseline -0.004 0"><span class='ocrx_word' id='word_1_216' title='bbox 879 4195 893 4220; x_wconf 68' lang='grc'><strong>“</strong></span> <span class='ocrx_word' id='word_1_217' title='bbox 1277 4190 1349 4266; x_wconf 83' lang='lat' dir='ltr'>ses-</span> 
     </span>
    </p>
   </div>
   <div class='ocr_carea' id='block_1_7' title="bbox 0 0 1423 5174">
    <p class='ocr_par' dir='ltr' id='par_1_7' title="bbox 0 0 1423 5174">
     <span class='ocr_line' id='line_1_31' title="bbox 0 0 1423 5174; baseline 0 0"><span class='ocrx_word' id='word_1_218' title='bbox 0 0 1423 5174; x_wconf 95' lang='lat' dir='ltr'> </span> 
     </span>
    </p>
   </div>
  </div>
 </body>
</html>
