2800 5166
346 501 395 594 26
467 495 757 576 aturnacm
782 497 949 618 ornan
978 446 1228 573 mortania,
1374 491 1376 496 ·

349 715 435 770 ote:
461 697 675 780 Graecorum
694 699 796 769 etiam
814 699 1004 774 eunome·
1021 697 1127 769 leelio
1146 692 1181 767 dt
1199 693 1340 790 linguae
1370 693 1372 696 ’

264 879 268 888 ,
348 814 580 910 intelligentia
602 818 823 908 probabilis,
856 841 922 891 nec
954 835 1068 888 tamen
1095 813 1221 886 illaad
1246 819 1339 888 criti·

350 957 424 1010 cam
448 937 616 1008 retlonem
636 943 775 1011 exalia:
802 937 909 1010 multa
934 929 1184 1027 loquacitas&
1211 933 1340 1004 aliena·

348 1073 461 1154 ruma
480 1057 661 1148 propofito'
689 1079 801 1134 rerum
824 1059 984 1152 jactatio:
1011 1059 1045 1128 in
1066 1051 1342 1126 Animadverfio·

348 1174 453 1274 nibus
485 1167 672 1270 praecipue
691 1181 855 1264 ,maxima
889 1175 1113 1253 Plutarchum
1155 1173 1339 1265 reprehen-

351 1295 455 1368 dendi
478 1318 550 1369 non
583 1295 693 1370 solum
723 1297 905 1386 voluntas,
932 1295 1118 1394 sedetiam
1144 1293 1336 1386 cupiditas3

350 1431 391 1488 ot
408 1416 680 1506 reprehenfionis
696 1413 732 1489 dt
748 1407 965 1493 occ‘astonem
982 1417 1096 1490 dedita
1111 1434 1219 1507 opera
1235 1433 1338 1504 quae·

350 1534 480 1634 baille,
505 1531 541 1608 dt
562 1540 736 1611 materiam
757 1541 819 1612 libi
836 1539 909 1633 ipse
927 1534 1071 1612 subinde
1083 1534 1213 1608 finxille
1228 1533 1340 1606 ardea·

349 1669 429 1740 tor,
453 1653 629 1731 Plutarchi
649 1663 763 1735 verbi's
778 1665 813 1736 in
833 1661 980 1734 alienam
988 1659 1201 1732 sententiam
1228 1651 1340 1764 detor·

351 1775 524 1871 quendis,
549 1803 652 1873 quam
668 1803 716 1853 eo
728 1779 872 1854 facilius
889 1778 1096 1852 refelleret.v

322 1991 325 1998 .
353 1931 357 1936 ·
397 1895 530 1972 Adhuc
549 1901 613 1974 hae
630 1903 770 1975 fuerunt
785 1900 1072 2000 Plutarcheornm
1092 1899 1248 1990 Operum
1267 1894 1344 1968 edi-

350 2018 482 2094 tiones.
539 2018 647 2090 Nam·
672 2019 780 2110 quod·
806 2019 839 2114 J.
873 2020 918 2093 A.
956 2019 1132 2092 Fabricius
1165 2013 1348 2087 Biblioth.‘

354 2136 421 2210 Gr.
447 2134 613 2209 Vol-ill.
635 2159 673 2230 p.
692 2157 775 2233 371.
811 2161 905 2232 mere
929 2139 1096 2212 Graecam
1124 2131 1349 2228 Francofur·

355 2258 720 2354 canomanni1605‚
739 2257 805 2356 fol.
822 2259 1102 2360 apudWechel:
1127 2261 1211 2332 item
1226 2259 1349 2332 Buter-

350 2393 412 2450 Ιιιιε
435 2377 471 2450 in
493 2373 740 2472 Disputatione
762 2381 821 2456 De
844 2383 934 2457 libro
959 2383 1002 2456 de
1026 2383 1164 2457 Mutica
1188 2377 1346 2450 Memor.

196 2507 203 2520 “
352 2495 566 2572 Academiae
582 2494 745 2596 Inscript.
771 2504 816 2577 T.
837 2501 943 2590 lllll,
969 2525 1006 2596 p.
1022 2523 1095 2590 41,
1121 2501 1281 2573 eamdem
1301 2499 1349 2570 his

348 2623 473 2695 -verbls
505 2618 649 2717 prodita
690 2623 826 2698 fortalle
870 2622 974 2697 fuerit
1011 2621 1213 2714 Xylandrea
1241 2619 1350 2692 editio

255 2799 258 2818 .
359 2743 553 2818 Moralium
571 2743 649 2821 solo
674 2748 777 2820 titulo
803 2765 956 2831 mutato,
971 2763 1022 2838 „ut
1040 2739 1155 2816 solent
1169 2739 1354 2830 bibliopo-

359 2863 416 2936 lae
437 2865 612 2939 aeterlbus
630 2865 729 2938 libris
747 2887 858 2936 novos
880 2865 1002 2940 titulos
1016 2881 1255 2958 praeponere:
1282 2857 1356 2928 vel·

360 2986 413 3060 oti
430 3006 498 3080 ego
521 2983 708 3078 aliquando
732 2987 851 3060 a'udivi
872 2965 1055 3061 Plutarchi
1070 2986 1193 3078 Opera
1215 2981 1358 3055 duobus

299 3108 302 3119 '
358 3101 598 3177 voluminibus
628 3104 721 3197 apud
749 3105 950 3181 Elzevitios
983 3101 1240 3180 Amstelodami
1274 3123 1359 3195 pro·

350 3218 453 3294 ⁴diill'e
480 3225 594 3316 1696:
619 3227 713 3316 vidi,
738 3227 891 3322 inspexi:
918 3249 990 3302 erat
1015 3227 1125 3300 editio
1141 3221 1362 3298 Francoiur·

359 3363 436 3417 tana
462 3348 542 3417 anni
567 3369 681 3442 1599,
708 3369 788 3424 cum
813 3350 883 3425 alto
910 3349 1030 3426 titulo.

406 3464 482 3561 Jam
502 3467 585 3540 licet
610 3469 652 3540 ad
668 3470 882 3544 emendatam
904 3473 1107 3565 scripturam
1124 3469 1365 3542 Plutarcheo·

362 3607 438 3663 rum
474 3585 644 3662 librorum
676 3611 750 3664 non
782 3593 1223 3688 magnoperetprof'eelum
1255 3585 1365 3668 effer,

361 3695 525 3802 exempla
549 3731 660 3782 tamen
685 3733 749 3802 per
781 3731 932 3800 quatuor
966 3710 1131 3806 deinceps
1165 3710 1365 3807 postremas

360 3825 534 3901 editiones
550 3829 639 3902 adeo
654 3851 751 3904 erant
769 3829 1080 3923 'frequentara,.ut
1107 3831 1153 3904 ab
1179 3831 1257 3904 illo
1282 3851 1370 3902 tem·
1394 3853 1395 3869 ¹

360 3971 449 4046 pore
466 3969 572 4026 nemo
587 3950 786 4047 bibliopola
802 3974 930 4028 novam
946 3953 1162 4042 editionem,
1183 3951 1370 4029 Graecam

545 4081 555 4094 ‘
1289 4069 1394 4163 qui-t
