2786 5174
357 517 404 569 to
444 424 765 570 ¹PLU'l'rlRCHl
790 490 958 572 OPERA
983 491 1234 574 Monunio·

360 715 458 770 tuor:
493 693 757 770 illoscuenlibna
782 692 946 770 duobus:
978 691 1190 768 Britannicis
1216 687 1330 768 tn‘butt

358 811 582 888 Leidenlibur
607 810 736 887 tribuna
760 834 936 905 praeterea
961 812 1004 885 ud
1028 813 1216 910 iugulares
1241 834 1332 904 quos·

360 932 438 1005 daut
453 931 583 1036 libro),
609 929 845 1026 Florentinis,
869 932 1067 1023 Vaticanis,
1094 932 1334 1006 vindobonen-

359 1054 471 1126 nnus:
498 1051 589 1124 uude
612 1057 684 1123 non
711 1049 822 1126 solutu
849 1057 1028 1126 innumera
1052 1055 1177 1126 menda
1196 1052 1334 1126 correxi·

359 1193 459 1257 mus,
484 1171 542 1244 scd
553 1169 684 1245 'multae
699 1172 803 1244 etiam
824 1173 964 1248 lacunas
979 1171 1213 1265 explevimus.

409 1294 528 1386 Caput
543 1291 607 1370 lll.
655 1291 816 1390 Historia
833 1294 943 1391 studit·
970 1315 996 1366 a
1014 1293 1200 1389 prioribus
1222 1287 1331 1384 infre·

348 1413 571 1512 ,perorandis
596 1415 798 1510 tuendisque
829 1412 1053 1490 Plutarchus
1068 1413 1215 1510 scriptis
1231 1409 1333 1510 pastri-

359 1533 617 1633 Quaereutibut
637 1534 728 1606 uude
753 1532 789 1608 δι
813 1557 882 1627 qua
903 1538 958 1606 ria
984 1535 1043 1606 hic
1059 1532 1333 1608 Plutarcheorutu

357 1653 529 1728 librorum
547 1651 763 1730 numerus&
793 1656 979 1750 scripturae
1005 1677 1191 1732 contextus
1216 1655 1257 1726 ad
1278 1673 1333 1725 nor

359 1779 578 1868 pervenerit,
593 1777 682 1852 duat
704 1797 895 1854 occurrunt
915 1797 1063 1850 aetates:
1094 1775 1202 1849 altera
1226 1773 1334 1868 proxi·

353 1915 437 1982 ma,
470 1915 559 1988 quae
591 1898 641 1969 est
672 1901 828 1991 aprima
857 1895 1147 1994 chalcographica
1170 1897 1335 1970 editione:

359 2013 468 2087 altera
483 2019 652 2090 remotior
672 2019 716 2090 ab
741 2020 845 2112 ipfius
868 2017 1045 2094 Plutarchi
1067 2035 1152 2090 aevo
1167 2015 1335 2107 repetitu,

359 2131 396 2208 ἀ
412 2137 455 2208 ad
465 2135 566 2228 ⁴illum
582 2159 693 2232 usque
710 2160 857 2214 aetatem
875 2139 1029 2216 deducit·

411 2261 527 2335 struo
549 2263 578 2334 l.
630 2243 743 2336 index
771 2251 991 2358 Scriptorum
1020 2259 1148 2337 vereris
1175 2251 1220 2336 &⁹
1245 2249 1340 2326 medii

347 2383 463 2469 -αενὶ,
491 2382 589 2482 apud
609 2401 692 2477 quos
718 2381 939 2478 Plutarchi,
970 2381 1027 2457 rel
1053 2377 1182 2454 mentia
1206 2373 1273 2474 fir,
1293 2371 1340 2460 rel

362 2501 429 2576 loci
453 2499 683 2592 exhibentur,
707 2507 765 2579 rel
775 2503 919 2604 vestigt'a
935 2499 1087 2596 exstant.
1135 2493 1337 2594 Huiusmodi

354 2626 522 2696 traflatio
535 2625 741 2716 paucilllntls
757 2624 869 2696 adhuc
883 2621 1036 2695 adhibita
1052 2617 1100 2692 est
1118 2618 1337 2693 Auctoribus:

359 2765 476 2836 neque
493 2763 572 2818 curu
589 2742 705 2835 aliqua
727 2743 885 2816 historiae
907 2742 1012 2833 copia
1037 2736 1195 2812 adhiberi
1214 2735 1339 2830 potest,

361 2861 421 2930 nili
447 2860 521 2932 iere
545 2865 610 2954 iis,
634 2866 695 2956 qui
721 2863 956 2936 honoratae
981 2863 1088 2935 seiiae
1111 2862 1341 2935 austoriuten

357 2978 580 3067 habueruut,
605 2985 725 3075 quales
737 2983 821 3057 ¹sunt
837 2985 933 3058 Sacri
952 2983 1150 3077 Scriptores
1165 2977 1201 3054 δι
1219 2979 1343 3062 Ecule-

343 3097 501 3176 .fiuilici:
519 3099 554 3173 ἃ
573 3105 607 3174 iu
624 3103 761 3178 divetis
778 3101 981 3202 generibus,
992 3102 1191 3190 Homerus,
1210 3101 1342 3196 Hippo·

361 3201 496 3308 crater,
521 3220 646 3314 Plato,
670 3223 896 3309 Aristoteles,
923 3222 983 3297 ulii
1001 3221 1234 3317 Philosophi,
1266 3225 1344 3296 iren

223 3405 227 3414 .
360 3339 599 3440 Legirlatores
623 3341 927 3441 &Jurisconiulti
977 3344 1119 3418 Caeteti
1144 3345 1194 3416 ite
1220 3342 1264 3415 nd
1285 3363 1346 3415 nos

359 3480 551 3550 venerunt,
576 3483 636 3552 ut,
653 3487 726 3559 quo
746 3468 869 3540 itinere
892 3465 1090 3559 quibusque
1116 3465 1349 3540 converiuni·

105 3646 109 3657 .
360 3581 427 3658 bus
442 3603 506 3679 per
520 3584 608 3658 haue
634 3585 786 3676 priorem
810 3588 955 3664 aetutem
972 3588 1158 3686 propagati
1173 3582 1209 3659 or
1226 3585 1347 3660 servati
1383 3637 1384 3643 r

102 3676 131 3755 x
356 3700 492 3778 inerint
502 3757 519 3799 ,
542 3707 734 3803 ignoretur.
783 3705 833 3784 Et
856 3707 936 3782 stne
962 3707 1006 3781 de
1025 3705 1218 3806 Blutarcho
1241 3701 1383 3804 pauca'

361 3821 431 3899 dici
455 3825 600 3917 poliunt.
650 3823 814 3902 Diximus
838 3834 962 3904 tamen
977 3829 1063 3902 hoec
1088 3845 1238 3919 penca,
1272 3821 1349 3918 quid
1382 3863 1383 3915 p

137 3925 139 3935 '
175 3913 186 3948 ³
333 3991 337 4002 ·
362 3961 505 4040 quoque
529 3944 683 4024 Saeculo
705 3969 726 4020 a
749 3949 987 4047 Scriptoribus
1011 3945 1054 4022 de
1077 3945 1278 4028 Ptuorcho
1298 3939 1350 4016 ld
1381 4053 1382 4066 ,

1203 4117 1213 4134 ,
1284 4077 1382 4134 mem
