2780 5184
279 445 924 539 iti-inurusouiouau
1042 479 1091 552 a9

124 647 377 739 desideramus,
406 645 850 756 1conp0iti0nissacilnas
880 649 1089 735 eonstitllleti

130 766 323 841 Candorem
349 772 462 839 eutem
487 765 711 862 intelligimus
726 785 796 836 non
814 767 1089 861 perspicuitatem
1116 769 1121 790 '

132 889 320 982 orationis,
358 883 415 957 sed
440 886 544 956 animi
572 885 797 956 linceritatem
820 901 861 956 ac
882 884 1089 966 benevolen-
1115 952 1121 963 .

130 1007 224 1076 tiam.
275 1002 322 1074 Et
341 1004 563 1092 affirmamus,
583 1021 661 1074 eum
677 1001 873 1096 nonmodo
895 1007 930 1074 in
947 1013 1091 1094 concio.

127 1110 252 1206 nibus,
303 1122 378 1206 sed,
398 1121 608 1215 sermonibus
634 1137 795 1214 quoque,
830 1120 1090 1216 disceptationi·

127 1243 216 1330 bus,
242 1241 535 1315 annotationibus
556 1261 693 1314 morum
710 1241 1015 1336 ingeniorumque,
1029 1247 1096 1320 .su·
1118 1318 1119 1326 ,

126 1384 191 1454 pra
221 1382 322 1453 quam
351 1362 424 1448 dici
449 1345 584 1452 polilt,
606 1355 826 1450 eloquentem
846 1359 923 1432 elle.
974 1364 1092 1458 Atque

126 1500 168 1554 ut
195 1481 271 1568 his,
304 1501 390 1574 quas
413 1477 587 1564 diximus,
620 1474 778 1546 historiae
806 1477 966 1556 laudibus
1003 1479 1092 1560 alios

127 1599 328 1693 complures
362 1599 508 1672 Latinos
523 1596 721 1672 ,historicos
748 1596 915 1690 superet,
938 1625 1032 1692 certe
1056 1611 1093 1682 in

126 1722 331 1817 narrationis
367 1717 585 1811 {implicitate
621 1713 655 1790 dt
691 1720 803 1802 nativa
834 1713 1093 1813 pulcrinadine,

127 1860 256 1932 atque,
284 1859 337 1912 -ut
365 1842 413 1910 ita
440 1837 575 1924 dicam,
608 1835 762 1932 agilitate
796 1833 1027 1932 &mollitie,
1052 1858 1093 1938 ut
1142 1911 1145 1916 .
1222 1925 1227 1932 ,

126 1943 257 2042 Graeci
307 1957 449 2042 dicunt.
468 1957 661 2072 analeum,
699 1957 869 2048 disdraus,
910 1961 1094 2058 depretiat,

123 2080 322 2172 εὐκινησίᾳ,
355 2077 449 2150 cedlt
467 2097 562 2150 certe
581 2075 742 2164 Caesari,
768 2079 877 2172 magis
895 2081 995 2150 etlam
1014 2077 1093 2154 Ne·

121 2199 226 2290 poti,
259 2197 404 2276 maxime
432 2213 546 2268 autem
566 2195 764 2284 Ciceroni:-
779 2197 864 2290 qui,
891 2215 929 2270 ut
943 2201 977 2272 iu
993 2205 1091 2276 omni

118 2314 327 2404 eloquentia
357 2313 513 2402 diuinus,
559 2318 606 2390 ita
629 2319 674 2388 -in
695 2314 879 2388 narrando
910 2315 1094 2396 historicos

119 2433 307 2518 Latinos,
349 2430 546 2518 facilitate,
572 2431 858 2526 perspicuitate,
886 2431 1092 2532 suavitate,
1166 2527 1169 2534 .

118 2553 318 2646 gravitate,
367 2569 486 2620 omnes
533 2547 714 2636 superavit.
774 2548 831 2622 Ad
864 2550 956 2624 hune
984 2556 1096 2648 ,igitur
1196 2631 1203 2638 ,

117 2676 159 2744 in
192 2672 331 2761 primis,
358 2669 418 2760 qui
438 2666 527 2748 bene
543 2663 712 2768 scribendi
730 2665 933 2738 facultatem
952 2673 1095 2746 consec·

118 2807 241 2873 tatur,
278 2789 311 2860 se
337 2785 558 2870 conformet:
575 2779 627 2855 ¹&
654 2795 891 2870 caeterorum,
918 2780 952 2856 δι
980 2787 1094 2880 Livii,

107 2909 275 2996 ¹uirtutes
300 2904 460 2990 adsumat,
496 2902 705 2992 copiamque
728 2885 809 2970 inde
836 2904 1000 3010 orationis
1023 2906 1094 2980 alat

115 3024 156 3098 dt
191 3043 339 3118 augeat:
373 3019 408 3098 dt
439 3022 520 3096 cum
551 3023 586 3092 in
614 3021 756 3118 eaeteris
786 3019 921 3122 vitanda
948 3026 1092 3116 vitabit,
1165 3024 1170 3032 ’

113 3147 162 3218 ab
195 3143 301 3235 hujus
325 3142 397 3216 uno
417 3141 599 3213 abstinebit
620 3159 747 3234 genere
776 3144 976 3218 narrationis
1005 3143 1095 3222 duro
1198 3131 1202 3144 ⁴
1308 3231 1314 3242 ,

115 3264 189 3336 illo
235 3257 271 3334 δι
303 3262 559 3356 trajediionibus
581 3259 766 3356 impedito.
825 3257 884 3366 De
909 3281 980 3354 quo
1007 3266 1093 3338 mihi

51 3431 57 3448 .
115 3384 313 3480 cogitanti,
331 3377 429 3472 saepe
453 3381 541 3454 illud
569 3401 752 3468 occurrere
781 3381 890 3472 solet,
913 3381 1010 3474 quod
1030 3383 1096 3458 Ci·
1166 3383 1168 3388 ’
1197 3473 1201 3478 .

112 3527 209 3580 cero
235 3502 281 3574 de
299 3497 514 3590 Thucydidis
530 3501 744 3574 orationibus
763 3489 869 3590 dixit,
893 3523 1010 3576 earum
1028 3505 1092 3578 hu·

109 3620 280 3722 jusmodi
318 3618 383 3690 elle
409 3619 576 3708 formam,
610 3641 712 3712 quam
738 3621 882 3708 imitari,
916 3624 1096 3720 aequmst·
1149 3642 1155 3656 ‘

112 3745 232 3846 velit,
248 3737 363 3834 pofflt:
389 3759 521 3836 neque,
541 3734 694 3832 fipofflt‚
720 3737 816 3808 uelit.
866 3735 934 3810 Sed
953 3741 1021 3814 hoc
1038 3765 1097 3837 arff¹

113 3877 333 3957 gumeurum
362 3857 538 3952 aliquanto
553 3859 694 3952 uberius
711 3859 971 3933 tradesimusin
988 3858 1091 3930 scho-

1048 3979 1095 4060 lis
