2786 5174
969 523 1060 584 xxm
1180 507 1181 514 ‘

96 712 290 786 discentium
317 709 452 780 animos
476 702 583 779 focile
607 697 788 794 induerem
815 695 904 778 unde
929 705 1057 780 fufium

97 838 139 909 eil
160 855 223 922 ut,
253 813 338 906 cum¹
367 831 428 901 lua
451 827 524 920 ipse
549 827 671 914 sumt,
704 817 776 902 tum
807 827 1056 920 discipulorum

98 957 212 1030 habitis
252 953 426 1042 editisque
475 947 797 1042 disputationibus,
839 949 1059 1024 Athenaeum

95 1077 233 1152 nolirmn
260 1063 464 1148 celebraret.
1045 1087 1048 1097 ·

136 1197 207 1290 ]ιιιι
225 1199 262 1266 in
280 1196 403 1286 vicino¹
419 1192 558 1282 nostro,
586 1210 648 1264 tuo
667 1192 786 1284 postet
800 1194 846 1264 in*
859 1195 1058 1290 graphiario

95 1337 229 1391 munere
245 1313 405 1412 collega,
431 1310 588 1387 Hernico
606 1313 804 1387 Ctlkoenio
830 1315 940 1390 m'ultt
963 1332 1061 1389 erant

98 1452 226 1511 numme
244 1439 358 1514 bonet
387 1433 499 1509 sensus
515 1436 589 1508 veti
604 1434 791 1530 pulcrique
806 1459 905 1512 acer:
924 1437 1062 1512 unittrui

95 1559 171 1630 risus
186 1555 415 1631 &hilaritatis
425 1557 539 1631 socius
548 1609 562 1649 ,
581 1579 620 1634 ut
636 1581 714 1631 eum
733 1579 921 1653 numquam
937 1563 972 1632 in
989 1561 1060 1633 vite
1148 1575 1152 1595 ·

93 1675 228 1768 plnraile
262 1679 423 1759 diceres:
458 1698 555 1752 certe
585 1679 832 1758 diffinillimus
856 1677 1062 1770 Heraclito',

95 1797 177 1870 baud
200 1797 370 1870 dillrmilis
386 1797 619 1906 Democrito.
646 1803 794 1895 ineptius
811 1803 907 1903 uulgi
924 1805 1060 1880 ridens:

92 1939 125 1990 at
141 1919 485 1994 miletis-succurrere
501 1921 654 2009 discens,
673 1927 708 1998 in
728 1947 844 2020 eoque
862 1927 979 2000 officio
994 1933 1061 2002 nee

91 2059 235 2134 operae,
260 2063 329 2114 nec
347 2043 398 2114 rei
422 2044 496 2136 ipse
513 2045 611 2132 suae,
638 2063 803 2138 percense
828 2047 1060 2142 igiturqnum

89 2181 209 2258 magno
235 2164 309 2236 fori
331 2164 393 2238 usu
419 2165 652 2255 patrocinium
677 2164 860 2240 caullaium
885 2187 1074 2254 tueretur,

89 2287 240 2356 omnium
263 2285 437 2358 consensu
459 2283 598 2355 laudem
623 2301 695 2356 non
710 2283 829 2356 m'odo
852 2282 1062 2377 'prudentiae

90 2399 245 2496 deidei,
271 2401 330 2476 sed
347 2398 383 2474 &
400 2402 649 2478 beneficentiae
666 2402 939 2478 &liberalitatis
957 2387 1065 2530 adep'·

15 2589 16 2592 ,
92 2539 148 2593 tus
180 2523 239 2594 est.
295 2525 371 2616 lpse
405 2547 547 2618 quoque
580 2525 744 2600 civilibus
779 2527 908 2602 merlus
939 2509 1063 2622 undis',

91 2639 215 2716 maluit
230 2645 287 2718 sut
302 2647 486 2718 constantia
503 2651 927 2738 munueamittere‚qunm
937 2647 1065 2716 incon·

15 2825 17 2844 2
88 2763 231 2836 stantiae
257 2767 423 2858 opinione
443 2767 664 2859 suscipienda
686 2768 834 2837 retinere
858 2801 910 2820 -
927 2763 1065 2860 jrrstifflt

83 2909 160 2962 mus
176 2910 269 2961 unus
287 2885 367 2984 Qui
385 2883 500 2984 finit
486 2911 524 2961 m
546 2886 711 2974 Teucris,
739 2881 1067 2987 &feriantiffrmu't

83 3010 194 3106 aequi.
246 3011 324 3085 Dis
341 3011 452 3086 aliter
468 3011 602 3109 uifirm!

129 3129 305 3225 Demque
317 3129 406 3202 libr
421 3133 482 3208 Ar.
503 3130 742 3214 Meersclrius,
763 3150 858 3202 meus
876 3130 910 3202 in
933 3111 1065 3210 schole

78 3237 412 3326 Remonstrentium'
438 3251 607 3348 collega,
649 3250 715 3324 fuit
749 3255 827 3324 sane
860 3253 979 3328 multis
1012 3257 1066 3326 uit

77 3372 208 3468 ingenii
226 3375 383 3454 dotibus
398 3393 563 3458 omntus,
590 3371 769 3465 idemque,
795 3394 834 3447 ut
851 3375 885 3445 in
904 3371 1067 3447 ma'terind

75 3494 260 3584 verietate,
290 3493 500 3592 peidodius,
524 3492 642 3571 ”Nem
667 3491 740 3588 lpse
766 3514 864 3566 antea
878 3493 1014 3570 Literns
1031 3491 1068 3568 dt

75 3611 353 3712 Philosophiam
373 3597 563 3700 docuerat,
591 3633 673 3687 tunc
688 3615 925 3713 Theologiam
947 3609 982 3686 δι
1002 3608 1068 3685 Hi'-
1100 3665 1117 3714 ·.

80 3733 209 3814 storiam
228 3733 523 3851 Ecclefitliicem
542 3720 713 3820 doct-butt
740 3753 779 3808 ut
800 3735 982 3826 utriusque
1006 3754 1063 3806 ca«

74 3857 211 3935 tiedrne
229 3879 365 3957 partes
382 3859 541 3953 cognitas
568 3843 701 3928 hebere
720 3852 883 3938 deberet,
909 3848 1068 3935 &lrabe-

69 3981 286 4058 retedeum
306 3995 409 4053 certe
436 3973 601 4063 modum,
625 3999 704 4067 quo
723 3975 763 4052 dc
785 3975 993 4053 discentibus
1019 3973 1069 4046 liti

561 4093 610 4138 *¹³
634 4117 658 4188 4
730 4143 744 4154 ι
984 4097 1068 4170 tis·
