2764 5164
339 471 417 574 ηδ’
455 451 842 547 usurarum-:s
877 445 1228 571 incurbabit

334 671 515 761 dolemus;
541 671 676 742 itanon
694 665 990 759 amplissume,
1016 664 1215 762 gaudemus.
1254 666 1294 743 tt

331 812 421 866 vero
445 792 611 864 humanae
635 787 774 882 quidem
802 789 995 880 sapientiae
1013 785 1088 860 laus
1111 791 1217 884 magis
1232 807 1293 861 cat·
1327 777 1330 786 ’

199 888 203 896 ’
332 915 428 986 nitur
444 916 478 982 iu
493 911 587 984 lalfis
601 909 830 1004 opinionibus
845 909 1078 1002 deponendis,
1104 931 1206 1001 quarn
1222 915 1293 994 verit

330 1030 534 1102 notionibus
558 1031 797 1125 acquirendis:
822 1049 895 1123 quo
917 1035 1068 1128 magis'a
1098 1034 1204 1124 prima
1227 1029 1294 1100 lude¹

328 1131 511 1244 juveutu'te
530 1152 573 1224 ad
588 1173 777 1226 extremam
803 1153 1011 1228 senectutem
1031 1154 1202 1223 erroribus
1218 1171 1296 1242 quo·¹

223 1277 225 1286 '
334 1269 417 1342 tidie
434 1273 641 1346 lnuutt‘lurut
666 1270 702 1346 bc
726 1269 926 1358 climinant,
951 1271 1110 1345 adversus
1129 1291 1214 1364 quos
1228 1291 1297 1362 pera

333 1409 443 1486 petuo
462 1394 567 1484 nobis
585 1385 782 1468 laniandum
799 1394 1091 1492 pugnandumque
1110 1393 1177 1479 esta
1201 1390 1296 1463 veluti

330 1518 365 1586 in
402 1514 499 1587 bello
538 1511 697 1594 adversus
728 1513 875 1588 hostiurn
915 1513 1069 1606 undique
1099 1517 1296 1610 ingruenten'

330 1632 608 1724 multitudinem,
632 1641 721 1722 quae
743 1643 808 1704 uos
826 1633 925 1729 cogit
947 1633 1027 1706 satis
1048 1629 1175 1705 babere
1200 1633 1232 1704 se
1251 1631 1300 1704 dea

334 1753 454 1844 pulille
484 1748 520 1823 ἃ
545 1749 705 1839 annue,
739 1755 961 1842 animumque
993 1751 1089 1844 ipsos
1121 1750 1298 1823 uollruui

331 1872 550 1966 proferendis
567 1871 689 1944 nostris
706 1872 832 1946 linibus
849 1892 1026 1944 revocare.
1079 1873 1135 1946 Ab
1158 1874 1223 1945 litic
1243 1871 1301 1942 iul·

333 1994 386 2062 tlo
404 1991 566 2064 Socrates
581 1992 780 2083 prosedas,
806 1991 958 2066 delatum
986 1977 1049 2074 fibi
1074 1994 1223 2085 sapientis
1238 2007 1299 2061 uo·'

332 2130 412 2182 meu
430 2111 641 2202 deprecans,
666 2112 702 2185 ld
720 2113 783 2184 soli
804 2113 887 2186 Deo
905 2116 1091 2188 convenire
1104 2109 1305 2206 pronuncias

334 2236 403 2318 uit,
433 2233 468 2304 se
485 2230 625 2326 quider'u
644 2232 708 2305 bac
725 2247 792 2306 una
810 2237 845 2307 iu
858 2257 896 2307 re
912 2232 1094 2329 lipianum
1112 2231 1194 2315 eru,
1211 2209 1309 2319 qrrod

329 2352 437 2424 sciret
457 2351 491 2422 se
517 2349 567 2424 nil
583 2350 692 2432 scire.
718 2355 822 2448 seque
840 2359 912 2450 ipsc
927 2339 1048 2430 nollet.
1095 2353 1205 2447 Cuius
1219 2346 1309 2420 effarl
1376 2436 1377 2471 1

333 2475 386 2546 vis
420 2493 461 2543 ac
491 2472 618 2546 veritas
652 2469 756 2544 latius
775 2487 914 2567 patet,
948 2479 1052 2568 q'uarn
1075 2471 1185 2566 ·q'nod
1210 2491 1230 2540 a
1256 2487 1314 2538 no*

332 2593 386 2699 bis
409 2593 597 2664 euar'ietur.
646 2592 751 2668 Nunc
777 2596 847 2666 boc
873 2617 1049 2691 agamus,
1081 2592 1217 2666 utillo
1242 2611 1312 2662 carru
1376 2604 1377 2670 l

189 2805 192 2812 ‚
330 2721 521 2805 praecepto
540 2711 761 2806 conjunctum
786 2715 846 2786 eli.
897 2714 1059 2808 Superest
1082 2719 1206 2799 eninr,
1229 2712 1313 2786 utin
1376 2691 1377 2697 ἵ

332 2833 486 2906 clausula
504 2833 605 2926 hujus
621 2833 733 2916 libelli
760 2835 804 2906 de
822 2833 1032 2930 quibusdam
1054 2837 1139 2930 ejus
1165 2835 1255 2908 locis
1270 2829 1318 2904 vel

331 2953 546 3050 corrigendis
576 2954 631 3030 vel
665 2955 821 3031 disertius
858 2958 1071 3033 declarandis
1115 2969 1324 3031 moneamus.

232 3099 236 3107 ·
330 3073 380 3146 Et
397 3077 431 3145 iu
451 3073 553 3165 buius
567 3071 808 3149 Bibliothecae
824 3077 1061 3151 instaurandae
1083 3079 1211 3152 caullis
1234 3094 1325 3166 prae

263 3249 268 3264 .
331 3195 445 3284 cipuis
461 3193 528 3266 fuit
543 3193 646 3266 nubis
664 3196 781 3288 talium
799 3196 959 3270 locorum
976 3218 1040 3290 per
1056 3197 1328 3272 omnesnullros

325 3298 557 3387 anteaedltos
572 3311 682 3387 libror
697 3319 852 3391 notatio:
878 3340 980 3411 quam
996 3319 1100 3391 uuuc'
1120 3325 1188 3394 uni
1205 3295 1328 3414 uratia·

328 3421 416 3506 tioui
441 3432 666 3506 Plutarcheae
689 3436 839 3510 trlbuere
864 3421 1076 3530 potuimus:
1121 3442 1225 3534 quod
1246 3440 1331 3510 dixi·

292 3557 295 3566 '
329 3567 407 3626 raus
431 3575 467 3647 p.
497 3570 579 3646 127.
642 3552 781 3652 Quibus
806 3555 849 3626 de
873 3555 964 3628 locis
987 3555 1170 3649 quamvis
1199 3533 1334 3633 subinde

329 3677 548 3779 monuimus,
566 3675 622 3750 vel
649 3679 683 3748 in
701 3675 927 3750 familiaribus
947 3677 1148 3754 bominum
1170 3681 1334 3759 lludiolo·

329 3805 404 3864 rum
422 3796 632 3890 colloquiis,
657 3796 713 3868 vel
737 3799 772 3869 iu
791 3796 925 3868 scholis
948 3799 1078 3869 uostris
1112 3825 1163 3876 ac
1184 3805 1332 3882 ditiorisr

322 3931 436 3986 tannen
474 3919 663 4009 praeliabat
696 3942 714 3990 a
743 3917 845 3987 uobis
878 3919 956 4012 iplis
983 3919 1154 4011 publice
1188 3924 1338 4006 muueri;

1300 4063 1338 4115 ue
