2786 5174
146 467 534 554 unnnuronrus
574 475 921 568 nuntronus
975 511 1048 591 ης

61 673 170 754 queat,
198 647 393 750 praesertim
421 649 456 724 in
480 651 618 750 poetis,
652 659 837 752 Homero,
875 659 1046 762 Heliodo,

60 781 184 878 :usque
196 833 209 870 ‚
234 779 353 876 prosae
378 773 480 850 etiam
511 779 737 878 scriptoribus
759 781 817 876 iis,
841 789 930 885 apud
963 819 1046 892 quos

63 905 241 1004 frequentes
254 900 334 976 funt
355 902 564 994 voces,aiibi
585 921 645 978 aut
664 926 759 1001 raro,
788 931 848 986 sut
864 937 1048 1014 nusquam,

65 1031 189 1121 obtine3
213 1011 255 1104 t'tt
269 1051 385 1106 earnm
397 1028 451 1102 vis
463 1049 533 1103 non
548 1049 593 1106 ex
609 1027 753 1120 usu,sed
768 1055 812 1112 err
827 1038 974 1133 ratione,
995 1046 1049 1122 in·
1180 1107 1186 1116 .

64 1155 227 1253 seligenda
241 1155 294 1230 fit.
343 1153 464 1252 Itaque
480 1151 559 1230 inde
573 1177 593 1228 a
606 1155 729 1232 tenetis
750 1157 876 1255 literis,
900 1183 939 1240 ut
959 1169 1049 1262 quis·

61 1303 121 1378 que
143 1277 326 1376 memmius
352 1279 515 1356 Graecam
538 1277 684 1379 ungerem
706 1285 835 1379 tenuit,
869 1285 918 1362 its
945 1291 1051 1393 majo·

60 1405 145 1478 rem‘
167 1403 347 1502 Amiogiae
378 1405 541 1482 rationem
577 1405 701 1498 duxit,
738 1409 845 1488 veluti
877 1412 1077 1513 principes

59 1529 117 1624 iiii,
140 1529 364 1620 casaubonus,
390 1531 556 1630 Scaliger,
580 1533 771 1624 sumanus,
796 1535 868 1628 atii,
892 1539 950 1638 qui
975 1543 1049 1638 ejus

58 1671 163 1754 partes
193 1654 249 1730 vel
277 1651 483 1754 attigerunt,
507 1657 564 1750 vel
594 1657 791 1735 tmttarunt.
839 1663 908 1738 Sed
929 1663 1048 1742 eadem

58 1782 138 1880 apud
166 1799 320 1872 exteros,
359 1779 451 1876 quod
474 1780 591 1877 sciam,
622 1784 774 1882 ignorata
795 1803 855 1862 aut
875 1791 1050 1890 neglebie‚

60 1905 139 2004 apud
165 1905 246 1982 solos
275 1904 413 2004 vigebat
442 1909 609 2004 Batavos,
641 1911 731 2006 apud
763 1921 848 2009 quos
877 1937 950 1990 eam
970 1915 1046 1990 fere

59 2033 296 2114 intermortuam
328 2029 528 2108 instauravit
558 2033 718 2112 Tiberius
745 2031 1015 2116 Hemsterhufius
1031 2065 1056 2134 ,·

60 2159 181 2258 ejusque
196 2157 355 2254 exemplo
371 2156 630 2256 frequentarunt
642 2163 769 2262 egregii
787 2131 872 2253 iiri,
898 2163 1045 2242 Vucke-

58 2285 178 2376 narius,
208 2281 423 2380 Irennepius,
464 2284 706 2370 Rubukenius‚
737 2287 801 2366 atii.
861 2287 1044 2382 Ceterum,

58 2409 154 2484 iidem
172 2409 236 2486 viri
258 2411 293 2486 in
316 2407 504 2485 Annorum
518 2411 606 2488 libris
627 2437 648 2488 a
668 2414 701 2490 se
718 2415 818 2492 editis
840 2435 913 2490 eam
932 2413 1048 2492 subin·

59 2535 102 2616 de
116 2533 156 2606 ud
170 2531 471 2610 interoretationem
485 2535 706 2633 adhibebant,
732 2539 943 2640 peculiariter
962 2563 1048 2618 ,con-

58 2661 208 2756 scriptum
235 2659 272 2736 δι
290 2660 325 2734 in
345 2659 513 2736 sobrinae
532 2687 654 2760 corpus
681 2663 848 2738 retinebam
877 2683 945 2734 non
968 2661 1050 2734 ede·

56 2789 144 2863 bant.
195 2787 296 2883 Cujus
308 2783 357 2858 rei
371 2788 515 2862 caussam
529 2811 607 2862 cum
625 2774 800 2884 aliquando
828 2809 872 2862 ex
899 2784 1051 2872 Valckei
1202 2853 1207 2875 ,

52 2913 136 2988 nario
153 2910 370 3010 quaererem,
393 2911 440 2986 ita
456 2935 534 2988 eum
559 2913 757 3012 respondere
777 2911 931 2991 memini:
956 2914 1049 2992 Ane-

50 3039 179 3135 logiam,
209 3039 344 3134 ajebat,
368 3036 404 3111 in
430 3035 546 3112 scholis
569 3037 655 3112 tradi
676 3040 793 3136 posse,
816 3040 950 3116 edendo
971 3039 1049 3116 vul·
1211 3079 1217 3092 ·

47 3166 111 3263 geri
133 3189 197 3242 nou
228 3165 346 3264 posse:
380 3162 507 3238 etenim
530 3161 739 3238 Esotem'cum
753 3165 833 3260 quid
855 3191 928 3242 erun
954 3167 1045 3259 esse,

48 3291 134 3386 quod
152 3315 217 3366 non
234 3291 336 3366 facile
354 3293 514 3386 probetur
530 3289 588 3362 nisr
604 3287 795 3386 disciplinae
806 3294 944 3369 alumnis
963 3313 1048 3386 pau·

44 3418 130 3492 latim
151 3416 183 3490 ei
208 3415 339 3490 assuetis
363 3414 469 3512 eique
493 3415 647 3490 imbutis:
672 3419 769 3494 novis
791 3445 832 3496 ac
855 3416 1047 3495 recentibus

46 3543 216 3620 adhibitam
231 3541 408 3639 ingeniis,
440 3542 630 3637 praesertim
647 3540 715 3615 sure
737 3567 826 3617 voce
848 3542 960 3648 idonei
976 3565 1047 3618 ma·

47 3669 127 3765 gibi
168 3695 236 3748 nec
270 3667 404 3766 probari
425 3689 490 3742 nec
512 3669 663 3764 placere3
687 3665 791 3763 igitur
812 3667 946 3746 seeum
965 3691 1046 3748 eun·

45 3791 239 3874 scribendam
264 3796 335 3870 eliis
360 3793 570 3892 relinquere,·
585 3794 642 3889 qui
665 3811 921 3891 praeceptorum
944 3793 1047 3872 subti-

40 3916 156 4000 iitetern
180 3923 224 4002 ἃ
250 3919 489 4020 jejunitatem,
513 3917 671 3994 orationis
690 3899 854 3994 suavitate
876 3923 1046 4022 exemplo·

40 4067 170 4145 rumque
195 4048 375 4126 varietate
399 4042 604 4136 exhilarent,
627 4029 729 4144 etque
755 4045 797 4122 ad
821 4047 948 4126 sensum
969 4071 1049 4143 cap·

743 4178 755 4201 ⁴
960 4193 1050 4250 tutn-
