2752 5166
325 527 396 586 tro
448 495 839 582 RELATIONES
878 497 1235 580 BREVIORES:

320 705 390 758 tem
417 683 458 756 ad
487 677 737 776 intelligendum
768 675 953 755 Platonem.
1002 663 1212 785 Quamquam
1240 682 1314 762 haec

319 811 389 912 ipsa
405 808 528 883 utilitas
543 802 680 880 infinitis
698 803 845 900 partibus
877 805 981 900 major
1001 803 1096 878 inest
1132 807 1317 888 Ruhnkenii
1368 831 1369 864 1

319 923 670 1016 Animadversionibus
705 931 922 1006 conformatis
959 931 1003 1004 ad
1042 955 1115 1004 eam
1161 934 1315 1012 rationem

318 1089 418 1162 quarn
437 1053 822 1151 modosrgnilicavimus.
872 1057 979 1156 Igitur
994 1057 1130 1132 minime
1152 1079 1224 1132 erat
1247 1047 1333 1156 poss

322 1187 516 1276 rolandum,
542 1179 671 1276 utalias
691 1203 711 1250 e
734 1183 872 1258 Platone
899 1184 1028 1259 Glossas
1055 1185 1123 1281 ipse
1152 1183 1313 1281 colligeret

235 1335 240 1344 ·
321 1312 544 1388 Ruhnkenius
558 1288 597 1384 ac
615 1306 758 1380 Timaeo
772 1309 944 1408 adjiceret.
996 1315 1154 1388 Ceterum
1180 1307 1231 1381 liis
1255 1327 1314 1382 tan·

292 1477 299 1491 ·
321 1411 366 1517 tis
381 1439 424 1512 de
441 1433 584 1511 Platonis
602 1433 880 1530 interpretatione
898 1435 1024 1512 meritis
1040 1441 1210 1514 cumulum
1226 1436 1315 1510 etiam

321 1563 458 1660 adjiciet
486 1561 618 1636 edendo
643 1561 802 1635 Platonis·
817 1560 1002 1636 Scholiasta
1039 1562 1202 1658 inedito,
1234 1566 1316 1663 cujus

322 1690 513 1762 Contentus
532 1685 601 1781 jam
632 1706 744 1780 totus,
778 1689 1047 1772 Commentarius
1072 1714 1224 1790 magnam
1254 1717 1316 1792 par·
1368 1749 1369 1772 t

271 1890 273 1900 ,
324 1831 414 1902 tem,
449 1812 538 1909 typis
567 1813 741 1910 expressus
764 1831 827 1886 est.
878 1819 979 1890 Hunc
1012 1839 1095 1892 vero
1113 1820 1248 1893 alteram
1265 1817 1319 1894 Ti·

319 1937 407 2008 maei
425 1934 608 2009 editionem
626 1939 733 2012 multo
749 1941 820 2011 esse
835 1937 1087 2033 locupletiorem
1103 1947 1156 2018 vel
1172 1947 1249 2018 liinc
1267 1944 1316 2016 in·

322 2061 471 2157 telligere
495 2055 593 2146 licet,
624 2061 716 2157 quod
748 2063 783 2134 in
803 2059 919 2135 eadem
941 2065 1076 2142 chartae
1098 2089 1318 2168 typorumque

322 2180 552 2280 magnitudine
578 2167 722 2279 priorem
758 2209 897 2262 centum
917 2189 990 2262 fere
1018 2198 1147 2294 paginis
1173 2193 1316 2270 excedit:

319 2307 477 2406 quodque
498 2305 633 2380 necesse
661 2307 753 2402 fuit,
794 2311 829 2388 in
851 2334 944 2390 tanta
977 2319 1141 2397 facultate
1164 2339 1318 2418 tantoque

322 2435 491 2506 Veterum
515 2413 605 2523 usu,¹
627 2433 834 2513 Ruhnkenio
858 2467 918 2538 per
946 2443 1081 2542 triginta
1109 2447 1149 2523 ἃ
1181 2465 1319 2545 quatuor

320 2583 425 2636 annos
454 2559 607 2656 plurimas
630 2561 839 2660 optimusque
863 2569 1113 2646 observationes
1143 2573 1246 2645 etiam
1269 2569 1322 2644 sub
1368 2589 1369 2610 ¹

261 2676 264 2688 ’
319 2711 421 2762 manu
455 2685 557 2759 nasci.
616 2687 721 2760 Nulla
746 2708 796 2762 est
819 2693 954 2791 pagina,
988 2692 1066 2792 quin
1096 2695 1219 2792 aliquid
1245 2691 1327 2772 novi
1368 2777 1369 2782 ,

322 2811 455 2884 habeat.
503 2811 704 2904 Praecipuos
728 2813 819 2890 locos
842 2821 899 2916 qui
922 2823 1125 2914 cognoscere·
1149 2821 1245 2910 vult,
1275 2819 1332 2894 vi·
1368 2803 1369 2850 ³

322 2936 420 3015 deut,
446 2934 589 3027 exempli
603 2939 727 3029 gratia,
746 2939 817 3018 lros.
868 2939 1094 3023 Praefatione,
1116 2967 1158 3038 p.
1188 2967 1258 3036 10,
1285 2943 1329 3018 de
1368 2927 1369 3000 Ῐ

325 3065 494 3149 Clemente,
508 3055 691 3153 lnterprete
711 3063 897 3140 Glossarum
918 3066 1183 3144 Platonicarum:
1204 3095 1240 3169 p.
1266 3098 1329 3166 12,
1368 3129 1369 3132 η

322 3183 367 3259 cle
384 3183 487 3256 Tiarai
503 3204 624 3261 aetate.
641 3184 1012 3278 Animadverfionibus‚
1028 3191 1172 3266 devote
1182 3193 1329 3288 Ἀκακος,
1368 3193 1369 3196 '

321 3335 421 3409 quarn
441 3311 476 3394 in
494 3312 570 3384 locu
592 3312 846 3410 Epigrammatis
864 3319 1006 3392 Anthol.
1033 3319 1062 3394 I.
1088 3347 1121 3416 p.
1155 3347 1223 3420 17:
1249 3331 1332 3394 laio
1368 3361 1369 3364 ¹

323 3445 409 3513 canna
438 3435 516 3520 siga
550 3441 737 3532 erardum,
769 3443 942 3517 restituere
980 3449 1135 3520 tentabat
1174 3452 1329 3547 Toupiua

324 3561 401 3634 Cur.
427 3560 566 3635 Noviss.
591 3559 626 3636 in
649 3567 742 3642 Suid.
766 3567 909 3665 legendo
929 3573 954 3642 ἐ.
979 3573 1086 3652 dodim
1119 3573 1149 3654 n'.
1185 3581 1219 3652 l:
1261 3602 1332 3652 om·

303 3683 402 3794 'nino
423 3682 462 3758 ἃ
477 3705 593 3758 contra
610 3689 805 3763 sementiam
829 3689 868 3766 ἃ
894 3695 1102 3773 Graecorum
1133 3707 1251 3790 usum,
1279 3703 1332 3806 qui

323 3809 459 3885 aladen
474 3809 615 3884 dicunt:
639 3813 862 3887 Rulinltenius
882 3823 1019 3918 corrigit
1039 3831 1056 3893 ε’
1091 3847 1241 3915 massa:
1264 3833 1330 3913 dd

275 4031 277 4034 Ι
323 3936 479 4002 ’amalum
511 3937 653 4008 terbum
680 3937 809 4012 Platoni
834 3939 1037 4030 restituitur,
1065 3933 1179 4054 atqup
1206 3965 1255 4038 ita
1279 3987 1333 4036 ex·

320 4057 462 4156 plicatur
482 4074 521 4130 ut
538 4059 664 4135 nullum
682 4063 753 4160 ejus
769 4086 813 4140 ex
824 4064 905 4143 loto
929 4073 1145 4162 Graecarum
1161 4088 1328 4163 literarum
1368 4109 1369 4126 i

1271 4233 1369 4286 diff*
