<?xml version="1.0" encoding="UTF-8"?>
<!DOCTYPE html PUBLIC "-//W3C//DTD XHTML 1.0 Transitional//EN"
    "http://www.w3.org/TR/xhtml1/DTD/xhtml1-transitional.dtd">
<html xmlns="http://www.w3.org/1999/xhtml" xml:lang="en" lang="en">
 <head>
  <title>
</title>
<meta http-equiv="Content-Type" content="text/html;charset=utf-8" />
  <meta name='ocr-system' content='tesseract 3.04.00' />
  <meta name='ocr-capabilities' content='ocr_page ocr_carea ocr_par ocr_line ocrx_word'/>
</head>
<body>
  <div class='ocr_page' id='page_1' title='image "./bibliothecacrit02wyttgoog_0449.png"; bbox 0 0 2800 5166; ppageno 0'>
   <div class='ocr_carea' id='block_1_1' title="bbox 228 466 1023 556">
    <p class='ocr_par' dir='ltr' id='par_1_1' title="bbox 228 466 1023 556">
     <span class='ocr_line' id='line_1_1' title="bbox 228 466 1023 556; baseline 0.009 -8"><span class='ocrx_word' id='word_1_1' title='bbox 228 466 737 552; x_wconf 67' lang='lat' dir='ltr'>&#39;CRlTlcm</span> <span class='ocrx_word' id='word_1_2' title='bbox 959 493 1023 556; x_wconf 79' lang='lat' dir='ltr'>rer</span> 
     </span>
    </p>
   </div>
   <div class='ocr_carea' id='block_1_2' title="bbox 61 665 1223 4120">
    <p class='ocr_par' dir='ltr' id='par_1_2' title="bbox 61 665 1044 770">
     <span class='ocr_line' id='line_1_2' title="bbox 61 665 1044 770; baseline 0 -22"><span class='ocrx_word' id='word_1_3' title='bbox 61 665 234 770; x_wconf 72' lang='lat' dir='ltr'>Episolre&#39;.</span> <span class='ocrx_word' id='word_1_4' title='bbox 272 667 455 770; x_wconf 73' lang='lat' dir='ltr'>Diogenis</span> <span class='ocrx_word' id='word_1_5' title='bbox 471 666 662 766; x_wconf 82' lang='lat' dir='ltr'>Epistulae.</span> <span class='ocrx_word' id='word_1_6' title='bbox 693 666 821 763; x_wconf 73' lang='lat' dir='ltr'>Bruti</span> <span class='ocrx_word' id='word_1_7' title='bbox 837 666 1044 764; x_wconf 75' lang='lat' dir='ltr'>Epistulam·</span> 
     </span>
    </p>

    <p class='ocr_par' dir='ltr' id='par_1_3' title="bbox 61 787 1223 2922">
     <span class='ocr_line' id='line_1_3' title="bbox 102 787 1027 884; baseline 0 -20"><span class='ocrx_word' id='word_1_8' title='bbox 102 789 139 864; x_wconf 90' lang='lat' dir='ltr'>ln</span> <span class='ocrx_word' id='word_1_9' title='bbox 160 787 342 884; x_wconf 87' lang='lat' dir='ltr'>plerosque</span> <span class='ocrx_word' id='word_1_10' title='bbox 369 793 493 868; x_wconf 86' lang='lat' dir='ltr'>borum</span> <span class='ocrx_word' id='word_1_11' title='bbox 510 791 681 866; x_wconf 91' lang='lat' dir='ltr'>librorum</span> <span class='ocrx_word' id='word_1_12' title='bbox 700 789 1027 882; x_wconf 81' lang='lat' dir='ltr'>produnturemen·</span> 
     </span>
     <span class='ocr_line' id='line_1_4' title="bbox 61 907 1030 1006; baseline 0.003 -24"><span class='ocrx_word' id='word_1_13' title='bbox 61 911 220 997; x_wconf 74' lang='lat' dir='ltr'>dationes,</span> <span class='ocrx_word' id='word_1_14' title='bbox 241 931 322 986; x_wconf 87' lang='lat' dir='ltr'>cum</span> <span class='ocrx_word' id='word_1_15' title='bbox 340 933 383 986; x_wconf 84' lang='lat' dir='ltr'>ex</span> <span class='ocrx_word' id='word_1_16' title='bbox 398 909 475 1004; x_wconf 88' lang='lat' dir='ltr'>ipso</span> <span class='ocrx_word' id='word_1_17' title='bbox 490 908 615 987; x_wconf 88' lang='lat' dir='ltr'>codice</span> <span class='ocrx_word' id='word_1_18' title='bbox 632 910 781 1003; x_wconf 85' lang='lat' dir='ltr'>petitae,</span> <span class='ocrx_word' id='word_1_19' title='bbox 806 907 840 982; x_wconf 89' lang='lat'>&amp;</span> <span class='ocrx_word' id='word_1_20' title='bbox 866 933 886 982; x_wconf 85' lang='lat' dir='ltr'>a</span> <span class='ocrx_word' id='word_1_21' title='bbox 908 913 1030 1006; x_wconf 88' lang='lat' dir='ltr'>primis</span> 
     </span>
     <span class='ocr_line' id='line_1_5' title="bbox 61 1018 1179 1128; baseline 0.003 -24"><span class='ocrx_word' id='word_1_22' title='bbox 61 1032 234 1112; x_wconf 70' lang='lat' dir='ltr'>editoribus</span> <span class='ocrx_word' id='word_1_23' title='bbox 250 1032 446 1128; x_wconf 66' lang='lat' dir='ltr'>ungimine,</span> <span class='ocrx_word' id='word_1_24' title='bbox 469 1048 547 1128; x_wconf 18' lang='lat' dir='ltr'>*turn</span> <span class='ocrx_word' id='word_1_25' title='bbox 564 1049 606 1110; x_wconf 76' lang='lat' dir='ltr'>ex</span> <span class='ocrx_word' id='word_1_26' title='bbox 629 1029 789 1104; x_wconf 78' lang='lat' dir='ltr'><strong>acumine</strong></span> <span class='ocrx_word' id='word_1_27' title='bbox 814 1027 848 1102; x_wconf 78' lang='lat' dir='ltr'>dt</span> <span class='ocrx_word' id='word_1_28' title='bbox 874 1032 1029 1109; x_wconf 73' lang='lat' dir='ltr'>doctrina</span> <span class='ocrx_word' id='word_1_29' title='bbox 1073 1018 1077 1036; x_wconf 63' lang='lat'><strong>¹</strong></span> <span class='ocrx_word' id='word_1_30' title='bbox 1167 1026 1179 1046; x_wconf 60' lang='lat'>⁸</span> 
     </span>
     <span class='ocr_line' id='line_1_6' title="bbox 61 1147 1029 1256; baseline 0.002 -32"><span class='ocrx_word' id='word_1_31' title='bbox 61 1151 254 1226; x_wconf 85' lang='lat' dir='ltr'>eruditiffimi</span> <span class='ocrx_word' id='word_1_32' title='bbox 277 1153 384 1228; x_wconf 85' lang='lat' dir='ltr'>Bastii</span> <span class='ocrx_word' id='word_1_33' title='bbox 399 1147 590 1244; x_wconf 82' lang='lat' dir='ltr'>proseiiae.</span> <span class='ocrx_word' id='word_1_34' title='bbox 632 1147 805 1256; x_wconf 83' lang='lat' dir='ltr'>¹Ejusdem</span> <span class='ocrx_word' id='word_1_35' title='bbox 823 1151 870 1222; x_wconf 90' lang='lat' dir='ltr'>est</span> <span class='ocrx_word' id='word_1_36' title='bbox 887 1153 1029 1226; x_wconf 77' lang='lat' dir='ltr'>uberior</span> 
     </span>
     <span class='ocr_line' id='line_1_7' title="bbox 61 1267 1029 1363; baseline 0.004 -20"><span class='ocrx_word' id='word_1_37' title='bbox 61 1295 93 1344; x_wconf 85' lang='lat' dir='ltr'>te</span> <span class='ocrx_word' id='word_1_38' title='bbox 119 1273 213 1348; x_wconf 80' lang='lat' dir='ltr'>dosia</span> <span class='ocrx_word' id='word_1_39' title='bbox 228 1271 439 1346; x_wconf 85' lang='lat' dir='ltr'>controversi</span> <span class='ocrx_word' id='word_1_40' title='bbox 456 1267 856 1363; x_wconf 83' lang='lat' dir='ltr'>argumenti-disquisitio</span> <span class='ocrx_word' id='word_1_41' title='bbox 873 1271 916 1346; x_wconf 89' lang='lat' dir='ltr'>de</span> <span class='ocrx_word' id='word_1_42' title='bbox 932 1277 1029 1348; x_wconf 82' lang='lat' dir='ltr'>Ano·</span> 
     </span>
     <span class='ocr_line' id='line_1_8' title="bbox 61 1385 1032 1483; baseline 0.001 -17"><span class='ocrx_word' id='word_1_43' title='bbox 61 1395 145 1483; x_wconf 86' lang='lat' dir='ltr'>nymi</span> <span class='ocrx_word' id='word_1_44' title='bbox 167 1385 338 1481; x_wconf 71' lang='lat' dir='ltr'>sermm,-</span> <span class='ocrx_word' id='word_1_45' title='bbox 362 1408 432 1478; x_wconf 84' lang='lat' dir='ltr'>qua</span> <span class='ocrx_word' id='word_1_46' title='bbox 458 1387 704 1472; x_wconf 83' lang='lat' dir='ltr'>demonstratur</span> <span class='ocrx_word' id='word_1_47' title='bbox 730 1389 862 1466; x_wconf 83' lang='lat' dir='ltr'>Lucam</span> <span class='ocrx_word' id='word_1_48' title='bbox 891 1391 1032 1478; x_wconf 85' lang='lat' dir='ltr'>Holsle·</span> 
     </span>
     <span class='ocr_line' id='line_1_9' title="bbox 61 1505 1032 1606; baseline 0.004 -24"><span class='ocrx_word' id='word_1_49' title='bbox 61 1514 143 1586; x_wconf 87' lang='lat' dir='ltr'>rium</span> <span class='ocrx_word' id='word_1_50' title='bbox 176 1521 223 1585; x_wconf 69' lang='lat' dir='ltr'>ex·</span> <span class='ocrx_word' id='word_1_51' title='bbox 245 1509 323 1582; x_wconf 87' lang='lat' dir='ltr'>boc</span> <span class='ocrx_word' id='word_1_52' title='bbox 357 1505 490 1604; x_wconf 87' lang='lat' dir='ltr'>Peripli</span> <span class='ocrx_word' id='word_1_53' title='bbox 522 1509 861 1606; x_wconf 79' lang='lat' dir='ltr'>codice-fragmenta</span> <span class='ocrx_word' id='word_1_54' title='bbox 888 1514 1032 1603; x_wconf 84' lang='lat' dir='ltr'>Scymni</span> 
     </span>
     <span class='ocr_line' id='line_1_10' title="bbox 61 1611 1223 1727; baseline 0.003 -25"><span class='ocrx_word' id='word_1_55' title='bbox 61 1629 135 1704; x_wconf 81' lang='lat' dir='ltr'>Chii</span> <span class='ocrx_word' id='word_1_56' title='bbox 153 1625 347 1720; x_wconf 80' lang='lat' dir='ltr'>suscepisse,</span> <span class='ocrx_word' id='word_1_57' title='bbox 371 1639 406 1701; x_wconf 85' lang='lat' dir='ltr'>at</span> <span class='ocrx_word' id='word_1_58' title='bbox 421 1652 482 1718; x_wconf 86' lang='lat' dir='ltr'>ea,</span> <span class='ocrx_word' id='word_1_59' title='bbox 497 1651 586 1727; x_wconf 88' lang='lat' dir='ltr'>quae</span> <span class='ocrx_word' id='word_1_60' title='bbox 604 1619 638 1701; x_wconf 87' lang='lat' dir='ltr'>in</span> <span class='ocrx_word' id='word_1_61' title='bbox 654 1611 699 1700; x_wconf 89' lang='lat' dir='ltr'>en</span> <span class='ocrx_word' id='word_1_62' title='bbox 714 1621 962 1719; x_wconf 76' lang='lat' dir='ltr'>desiderantur,</span> <span class='ocrx_word' id='word_1_63' title='bbox 987 1653 1033 1705; x_wconf 83' lang='lat' dir='ltr'>ex</span> <span class='ocrx_word' id='word_1_64' title='bbox 1135 1699 1138 1706; x_wconf 84' lang='lat'>.</span> <span class='ocrx_word' id='word_1_65' title='bbox 1219 1699 1223 1706; x_wconf 91' lang='lat'>.</span> 
     </span>
     <span class='ocr_line' id='line_1_11' title="bbox 61 1745 1031 1844; baseline 0.008 -25"><span class='ocrx_word' id='word_1_66' title='bbox 61 1745 120 1824; x_wconf 89' lang='lat' dir='ltr'>tlio</span> <span class='ocrx_word' id='word_1_67' title='bbox 137 1749 257 1822; x_wconf 90' lang='lat' dir='ltr'>codice</span> <span class='ocrx_word' id='word_1_68' title='bbox 273 1747 435 1838; x_wconf 87' lang='lat' dir='ltr'>babuisse.</span> <span class='ocrx_word' id='word_1_69' title='bbox 477 1750 677 1844; x_wconf 88' lang='lat' dir='ltr'>Sequuntur</span> <span class='ocrx_word' id='word_1_70' title='bbox 686 1750 1031 1840; x_wconf 64' lang='lat' dir='ltr'>Animadversionem</span> 
     </span>
     <span class='ocr_line' id='line_1_12' title="bbox 63 1863 1033 1966; baseline 0.011 -29"><span class='ocrx_word' id='word_1_71' title='bbox 63 1890 84 1937; x_wconf 92' lang='lat' dir='ltr'>n</span> <span class='ocrx_word' id='word_1_72' title='bbox 111 1867 318 1940; x_wconf 78' lang='lat' dir='ltr'><em>Antoninum</em></span> <span class='ocrx_word' id='word_1_73' title='bbox 342 1863 542 1944; x_wconf 78' lang='lat' dir='ltr'><em>Liberalem</em></span> <span class='ocrx_word' id='word_1_74' title='bbox 566 1891 586 1944; x_wconf 86' lang='lat' dir='ltr'>a</span> <span class='ocrx_word' id='word_1_75' title='bbox 608 1893 645 1963; x_wconf 90' lang='lat' dir='ltr'>p.</span> <span class='ocrx_word' id='word_1_76' title='bbox 671 1872 718 1964; x_wconf 80' lang='lat'>⁶3</span> <span class='ocrx_word' id='word_1_77' title='bbox 745 1868 788 1940; x_wconf 85' lang='lat' dir='ltr'>ad</span> <span class='ocrx_word' id='word_1_78' title='bbox 816 1874 901 1966; x_wconf 88' lang='lat'>167:</span> <span class='ocrx_word' id='word_1_79' title='bbox 934 1873 1033 1948; x_wconf 88' lang='lat' dir='ltr'>dein·</span> 
     </span>
     <span class='ocr_line' id='line_1_13' title="bbox 61 1983 1031 2088; baseline 0.012 -32"><span class='ocrx_word' id='word_1_80' title='bbox 61 2007 151 2078; x_wconf 69' lang='grc' dir='ltr'>περς,</span> <span class='ocrx_word' id='word_1_81' title='bbox 178 1988 211 2058; x_wconf 93' lang='lat' dir='ltr'>in</span> <span class='ocrx_word' id='word_1_82' title='bbox 236 1983 467 2080; x_wconf 69' lang='lat' dir='ltr'><em>Parthenium</em></span> <span class='ocrx_word' id='word_1_83' title='bbox 491 2011 510 2062; x_wconf 86' lang='lat' dir='ltr'>a</span> <span class='ocrx_word' id='word_1_84' title='bbox 532 2010 569 2081; x_wconf 88' lang='lat' dir='ltr'>p·</span> <span class='ocrx_word' id='word_1_85' title='bbox 598 1991 665 2062; x_wconf 86' lang='lat'>168</span> <span class='ocrx_word' id='word_1_86' title='bbox 691 1989 734 2059; x_wconf 87' lang='lat' dir='ltr'>nd</span> <span class='ocrx_word' id='word_1_87' title='bbox 764 2011 856 2081; x_wconf 76' lang='lat'>209:</span> <span class='ocrx_word' id='word_1_88' title='bbox 882 1993 1031 2088; x_wconf 82' lang='lat' dir='ltr'>denique</span> 
     </span>
     <span class='ocr_line' id='line_1_14' title="bbox 61 2099 1095 2207; baseline 0.012 -29"><span class='ocrx_word' id='word_1_89' title='bbox 61 2131 79 2178; x_wconf 96' lang='lat' dir='ltr'>n</span> <span class='ocrx_word' id='word_1_90' title='bbox 106 2104 385 2204; x_wconf 74' lang='lat' dir='ltr'>Aristaenetum,</span> <span class='ocrx_word' id='word_1_91' title='bbox 411 2107 590 2198; x_wconf 70' lang='lat' dir='ltr'>hactenus,</span> <span class='ocrx_word' id='word_1_92' title='bbox 610 2131 649 2183; x_wconf 92' lang='lat' dir='ltr'>ut</span> <span class='ocrx_word' id='word_1_93' title='bbox 667 2109 807 2193; x_wconf 77' lang='lat' dir='ltr'>censura</span> <span class='ocrx_word' id='word_1_94' title='bbox 824 2133 944 2207; x_wconf 80' lang='lat' dir='ltr'>agatur</span> <span class='ocrx_word' id='word_1_95' title='bbox 962 2137 1030 2191; x_wconf 89' lang='lat' dir='ltr'>no·</span> <span class='ocrx_word' id='word_1_96' title='bbox 1093 2099 1095 2102; x_wconf 30' lang='lat'><strong><em>¹</em></strong></span> 
     </span>
     <span class='ocr_line' id='line_1_15' title="bbox 61 2225 1170 2334; baseline 0.014 -39"><span class='ocrx_word' id='word_1_97' title='bbox 61 2227 195 2298; x_wconf 69' lang='lat' dir='ltr'>tiliimne</span> <span class='ocrx_word' id='word_1_98' title='bbox 214 2226 399 2322; x_wconf 79' lang='lat' dir='ltr'>editionis,</span> <span class='ocrx_word' id='word_1_99' title='bbox 416 2249 517 2321; x_wconf 86' lang='lat' dir='ltr'>quam</span> <span class='ocrx_word' id='word_1_100' title='bbox 535 2225 767 2316; x_wconf 77' lang='lat' dir='ltr'>vindobonae</span> <span class='ocrx_word' id='word_1_101' title='bbox 783 2253 814 2301; x_wconf 85' lang='lat' dir='ltr'>a.</span> <span class='ocrx_word' id='word_1_102' title='bbox 828 2234 928 2334; x_wconf 66' lang='grc' dir='ltr'>Ι1803</span> <span class='ocrx_word' id='word_1_103' title='bbox 945 2235 1034 2310; x_wconf 87' lang='lat' dir='ltr'>fecit</span> <span class='ocrx_word' id='word_1_104' title='bbox 1167 2295 1170 2332; x_wconf 56' lang='lat'><em>3</em></span> 
     </span>
     <span class='ocr_line' id='line_1_16' title="bbox 61 2334 1032 2444; baseline 0.006 -27"><span class='ocrx_word' id='word_1_105' title='bbox 61 2346 231 2428; x_wconf 81' lang='lat' dir='ltr'>odiamus</span> <span class='ocrx_word' id='word_1_106' title='bbox 248 2334 404 2422; x_wconf 88' lang='lat' dir='ltr'>Gme&#39;cus</span> <span class='ocrx_word' id='word_1_107' title='bbox 420 2347 586 2444; x_wconf 79' lang='lat' dir='ltr'>Polyzois</span> <span class='ocrx_word' id='word_1_108' title='bbox 601 2346 768 2434; x_wconf 83' lang='lat' dir='ltr'>Kontou,</span> <span class='ocrx_word' id='word_1_109' title='bbox 785 2353 888 2440; x_wconf 89' lang='lat' dir='ltr'>eique</span> <span class='ocrx_word' id='word_1_110' title='bbox 903 2371 1032 2434; x_wconf 87' lang='lat' dir='ltr'>novam</span> 
     </span>
     <span class='ocr_line' id='line_1_17' title="bbox 61 2465 1032 2561; baseline 0.006 -25"><span class='ocrx_word' id='word_1_111' title='bbox 61 2489 76 2536; x_wconf 95' lang='lat' dir='ltr'>n</span> <span class='ocrx_word' id='word_1_112' title='bbox 95 2466 244 2554; x_wconf 80' lang='lat' dir='ltr'>Graecia</span> <span class='ocrx_word' id='word_1_113' title='bbox 262 2486 431 2561; x_wconf 83' lang='lat' dir='ltr'>repertam</span> <span class='ocrx_word' id='word_1_114' title='bbox 448 2465 651 2542; x_wconf 85' lang='lat' dir='ltr'>Aristaeneti</span> <span class='ocrx_word' id='word_1_115' title='bbox 675 2466 869 2560; x_wconf 85' lang='lat' dir='ltr'>Epistolam</span> <span class='ocrx_word' id='word_1_116' title='bbox 888 2467 1032 2554; x_wconf 79' lang='lat' dir='ltr'>addidit,</span> 
     </span>
     <span class='ocr_line' id='line_1_18' title="bbox 61 2587 1030 2682; baseline 0.006 -26"><span class='ocrx_word' id='word_1_117' title='bbox 61 2607 114 2658; x_wconf 88' lang='lat' dir='ltr'>am</span> <span class='ocrx_word' id='word_1_118' title='bbox 132 2587 319 2679; x_wconf 77' lang='lat' dir='ltr'>specimina</span> <span class='ocrx_word' id='word_1_119' title='bbox 337 2587 502 2680; x_wconf 85' lang='lat' dir='ltr'>quaedam</span> <span class='ocrx_word' id='word_1_120' title='bbox 517 2607 707 2680; x_wconf 76' lang='lat' dir='ltr'>ponamus,</span> <span class='ocrx_word' id='word_1_121' title='bbox 724 2587 815 2660; x_wconf 90' lang='lat' dir='ltr'>unde</span> <span class='ocrx_word' id='word_1_122' title='bbox 840 2588 1030 2682; x_wconf 88' lang='lat' dir='ltr'>Scriptonis</span> 
     </span>
     <span class='ocr_line' id='line_1_19' title="bbox 64 2693 1032 2803; baseline 0.004 -29"><span class='ocrx_word' id='word_1_123' title='bbox 64 2707 199 2776; x_wconf 75' lang='lat' dir='ltr'>ostrina</span> <span class='ocrx_word' id='word_1_124' title='bbox 220 2703 254 2780; x_wconf 75' lang='grc' dir='ltr'>δι</span> <span class='ocrx_word' id='word_1_125' title='bbox 278 2711 400 2784; x_wconf 87' lang='lat' dir='ltr'>critica</span> <span class='ocrx_word' id='word_1_126' title='bbox 422 2703 569 2790; x_wconf 78' lang='lat' dir='ltr'>facultas</span> <span class='ocrx_word' id='word_1_127' title='bbox 587 2693 632 2778; x_wconf 67' lang='lat' dir='ltr'>&#39;in</span> <span class='ocrx_word' id='word_1_128' title='bbox 666 2705 864 2800; x_wconf 77' lang='lat' dir='ltr'>praecipuis</span> <span class='ocrx_word' id='word_1_129' title='bbox 895 2707 1032 2803; x_wconf 53' lang='lat' dir='ltr'>generi,</span> 
     </span>
     <span class='ocr_line' id='line_1_20' title="bbox 64 2831 379 2922; baseline -0.006 -22"><span class='ocrx_word' id='word_1_130' title='bbox 64 2849 105 2900; x_wconf 87' lang='lat' dir='ltr'>us</span> <span class='ocrx_word' id='word_1_131' title='bbox 133 2831 379 2922; x_wconf 82' lang='lat' dir='ltr'>cognoscatur.</span> 
     </span>
    </p>

    <p class='ocr_par' dir='ltr' id='par_1_4' title="bbox 61 2940 1194 4021">
     <span class='ocr_line' id='line_1_21' title="bbox 81 2940 1194 3038; baseline -0.001 -22"><span class='ocrx_word' id='word_1_132' title='bbox 81 2940 125 3016; x_wconf 89' lang='lat' dir='ltr'>ln</span> <span class='ocrx_word' id='word_1_133' title='bbox 155 2948 455 3028; x_wconf 79' lang='lat' dir='ltr'>emendationibus</span> <span class='ocrx_word' id='word_1_134' title='bbox 480 2971 546 3028; x_wconf 88' lang='lat' dir='ltr'>nos</span> <span class='ocrx_word' id='word_1_135' title='bbox 572 2948 639 3022; x_wconf 83' lang='lat' dir='ltr'>hae</span> <span class='ocrx_word' id='word_1_136' title='bbox 667 2950 702 3018; x_wconf 88' lang='lat' dir='ltr'>in</span> <span class='ocrx_word' id='word_1_137' title='bbox 732 2946 851 3038; x_wconf 89' lang='lat' dir='ltr'>primis</span> <span class='ocrx_word' id='word_1_138' title='bbox 874 2944 1031 3020; x_wconf 69' lang='lat' dir='ltr'>aduerte·</span> <span class='ocrx_word' id='word_1_139' title='bbox 1180 2951 1194 2971; x_wconf 65' lang='grc'><strong>“</strong></span> 
     </span>
     <span class='ocr_line' id='line_1_22' title="bbox 61 3063 1030 3162; baseline 0.002 -24"><span class='ocrx_word' id='word_1_140' title='bbox 61 3087 130 3138; x_wconf 85' lang='lat' dir='ltr'>tnt.</span> <span class='ocrx_word' id='word_1_141' title='bbox 188 3063 228 3138; x_wconf 87' lang='lat' dir='ltr'>P..</span> <span class='ocrx_word' id='word_1_142' title='bbox 246 3090 314 3162; x_wconf 81' lang='lat'>51,</span> <span class='ocrx_word' id='word_1_143' title='bbox 341 3073 376 3142; x_wconf 92' lang='lat' dir='ltr'>in</span> <span class='ocrx_word' id='word_1_144' title='bbox 398 3068 592 3161; x_wconf 87' lang='lat' dir='ltr'>Apollonii.</span> <span class='ocrx_word' id='word_1_145' title='bbox 611 3065 791 3158; x_wconf 84' lang='lat' dir='ltr'>Historiis,</span> <span class='ocrx_word' id='word_1_146' title='bbox 811 3063 854 3137; x_wconf 89' lang='lat' dir='ltr'>de</span> <span class='ocrx_word' id='word_1_147' title='bbox 871 3065 1030 3158; x_wconf 88' lang='lat' dir='ltr'>Caryllio</span> 
     </span>
     <span class='ocr_line' id='line_1_23' title="bbox 63 3181 1029 3291; baseline 0.004 -33"><span class='ocrx_word' id='word_1_148' title='bbox 63 3186 180 3280; x_wconf 83' lang='lat' dir='ltr'>pide,</span> <span class='ocrx_word' id='word_1_149' title='bbox 214 3185 394 3285; x_wconf 63' lang='grc' dir='ltr'><strong><em>ὲτιφύσεις</em></strong></span> <span class='ocrx_word' id='word_1_150' title='bbox 420 3188 501 3291; x_wconf 68' lang='grc' dir='ltr'>ἔχει</span> <span class='ocrx_word' id='word_1_151' title='bbox 521 3181 751 3287; x_wconf 61' lang='lat' dir='ltr'>spiritatem&gt;</span> <span class='ocrx_word' id='word_1_152' title='bbox 776 3182 964 3289; x_wconf 65' lang='lat' dir='ltr'>menidam,</span> <span class='ocrx_word' id='word_1_153' title='bbox 989 3184 1029 3276; x_wconf 74' lang='grc' dir='ltr'>ἐξ</span> 
     </span>
     <span class='ocr_line' id='line_1_24' title="bbox 61 3303 1131 3408; baseline -0.007 -25"><span class='ocrx_word' id='word_1_154' title='bbox 61 3303 240 3398; x_wconf 60' lang='lat' dir='ltr'>fossaten</span> <span class='ocrx_word' id='word_1_155' title='bbox 274 3311 333 3385; x_wconf 73' lang='lat' dir='ltr'>mr</span> <span class='ocrx_word' id='word_1_156' title='bbox 354 3312 536 3406; x_wconf 61' lang='grc' dir='ltr'><em>ὑφαίνεται</em></span> <span class='ocrx_word' id='word_1_157' title='bbox 571 3319 851 3408; x_wconf 70' lang='grc' dir='ltr'>χειρεκμαγεῖα·</span> <span class='ocrx_word' id='word_1_158' title='bbox 885 3307 1032 3400; x_wconf 86' lang='lat' dir='ltr'>corrigit</span> <span class='ocrx_word' id='word_1_159' title='bbox 1126 3305 1131 3312; x_wconf 88' lang='lat'>&#39;</span> 
     </span>
     <span class='ocr_line' id='line_1_25' title="bbox 63 3423 1029 3526; baseline -0.009 -24"><span class='ocrx_word' id='word_1_160' title='bbox 63 3424 229 3514; x_wconf 68' lang='lat' dir='ltr'>neddere,</span> <span class='ocrx_word' id='word_1_161' title='bbox 248 3425 491 3526; x_wconf 72' lang='lat' dir='ltr'>lanuginofhs,</span> <span class='ocrx_word' id='word_1_162' title='bbox 519 3425 616 3519; x_wconf 90' lang='lat' dir='ltr'>quod</span> <span class='ocrx_word' id='word_1_163' title='bbox 639 3423 743 3518; x_wconf 88' lang='lat' dir='ltr'>piune</span> <span class='ocrx_word' id='word_1_164' title='bbox 766 3427 819 3500; x_wconf 89' lang='lat' dir='ltr'>rei</span> <span class='ocrx_word' id='word_1_165' title='bbox 843 3427 1029 3524; x_wconf 75' lang='lat' dir='ltr'>congenita</span> 
     </span>
     <span class='ocr_line' id='line_1_26' title="bbox 61 3545 1031 3635; baseline -0.007 -11"><span class='ocrx_word' id='word_1_166' title='bbox 61 3571 144 3624; x_wconf 82' lang='lat' dir='ltr'>rann</span> <span class='ocrx_word' id='word_1_167' title='bbox 164 3545 406 3621; x_wconf 71' lang='lat' dir='ltr'>tramamus&#39;ad</span> <span class='ocrx_word' id='word_1_168' title='bbox 420 3549 597 3622; x_wconf 87' lang='lat' dir='ltr'>Plutarchi</span> <span class='ocrx_word' id='word_1_169' title='bbox 615 3545 754 3619; x_wconf 81' lang='lat' dir='ltr'>Defeii.</span> <span class='ocrx_word' id='word_1_170' title='bbox 774 3545 881 3618; x_wconf 85' lang='lat' dir='ltr'>Orac.</span> <span class='ocrx_word' id='word_1_171' title='bbox 896 3564 933 3634; x_wconf 90' lang='lat' dir='ltr'>p.</span> <span class='ocrx_word' id='word_1_172' title='bbox 945 3561 1031 3635; x_wconf 77' lang='grc'>434,</span> 
     </span>
     <span class='ocr_line' id='line_1_27' title="bbox 64 3663 1028 3760; baseline -0.003 -24"><span class='ocrx_word' id='word_1_173' title='bbox 64 3713 72 3736; x_wconf 91' lang='grc'><em>.</em></span> <span class='ocrx_word' id='word_1_174' title='bbox 98 3663 189 3740; x_wconf 82' lang='lat' dir='ltr'>Hac</span> <span class='ocrx_word' id='word_1_175' title='bbox 216 3669 481 3758; x_wconf 88' lang='lat' dir='ltr'>opportunitate</span> <span class='ocrx_word' id='word_1_176' title='bbox 499 3671 535 3742; x_wconf 89' lang='lat' dir='ltr'>in</span> <span class='ocrx_word' id='word_1_177' title='bbox 553 3664 751 3740; x_wconf 89' lang='lat' dir='ltr'>Philodemi</span> <span class='ocrx_word' id='word_1_178' title='bbox 768 3664 1028 3760; x_wconf 74' lang='lat' dir='ltr'>Epigrammata,</span> 
     </span>
     <span class='ocr_line' id='line_1_28' title="bbox 61 3777 1118 3886; baseline -0.001 -32"><span class='ocrx_word' id='word_1_179' title='bbox 61 3807 103 3872; x_wconf 84' lang='lat' dir='ltr'>n,</span> <span class='ocrx_word' id='word_1_180' title='bbox 132 3803 209 3876; x_wconf 89' lang='lat' dir='ltr'>pro</span> <span class='ocrx_word' id='word_1_181' title='bbox 235 3786 526 3886; x_wconf 68' lang='lat' dir='ltr'>pronominum,</span> <span class='ocrx_word' id='word_1_182' title='bbox 551 3789 625 3879; x_wconf 85' lang='lat' dir='ltr'>apis</span> <span class='ocrx_word' id='word_1_183' title='bbox 654 3782 911 3878; x_wconf 89' lang='lat' dir='ltr'>appellatione,</span> <span class='ocrx_word' id='word_1_184' title='bbox 938 3777 1059 3878; x_wconf 65' lang='lat' dir='ltr'>reili-v</span> <span class='ocrx_word' id='word_1_185' title='bbox 1087 3807 1118 3867; x_wconf 58' lang='grc' dir='ltr'><strong>χ</strong></span> 
     </span>
     <span class='ocr_line' id='line_1_29' title="bbox 61 3901 1034 4021; baseline -0.002 -46"><span class='ocrx_word' id='word_1_186' title='bbox 61 3907 98 3978; x_wconf 78' lang='lat' dir='ltr'>tit</span> <span class='ocrx_word' id='word_1_187' title='bbox 129 3907 427 4021; x_wconf 56' lang='lat' dir='ltr'>prenominatos·</span> <span class='ocrx_word' id='word_1_188' title='bbox 452 3908 698 4008; x_wconf 71' lang='lat' dir='ltr'>confirmans,</span> <span class='ocrx_word' id='word_1_189' title='bbox 729 3903 891 4006; x_wconf 71' lang='lat' dir='ltr'>adhibitis</span> <span class='ocrx_word' id='word_1_190' title='bbox 923 3901 1034 4006; x_wconf 72' lang='lat' dir='ltr'>Hesp·</span> 
     </span>
    </p>

    <p class='ocr_par' dir='ltr' id='par_1_5' title="bbox 422 4023 1176 4120">
     <span class='ocr_line' id='line_1_30' title="bbox 422 4023 1176 4120; baseline 0.011 -20"><span class='ocrx_word' id='word_1_191' title='bbox 422 4090 425 4100; x_wconf 89' lang='grc'>.</span> <span class='ocrx_word' id='word_1_192' title='bbox 550 4024 632 4120; x_wconf 83' lang='lat' dir='ltr'>Hs</span> <span class='ocrx_word' id='word_1_193' title='bbox 946 4023 1040 4110; x_wconf 77' lang='lat' dir='ltr'>chia·</span> <span class='ocrx_word' id='word_1_194' title='bbox 1166 4081 1176 4090; x_wconf 90' lang='lat'><em>-</em></span> 
     </span>
    </p>
   </div>
   <div class='ocr_carea' id='block_1_3' title="bbox 0 0 1404 5166">
    <p class='ocr_par' dir='ltr' id='par_1_6' title="bbox 0 0 1404 5166">
     <span class='ocr_line' id='line_1_31' title="bbox 0 0 1404 5166; baseline 0 0"><span class='ocrx_word' id='word_1_195' title='bbox 0 0 1404 5166; x_wconf 95' lang='lat' dir='ltr'> </span> 
     </span>
    </p>
   </div>
  </div>
 </body>
</html>
