2786 5174
34 786 35 799 χ
151 703 226 778 Fuit
250 693 471 770 mennon.
487 693 667 782 uoeruoe,
691 698 744 770 vir
764 694 808 768 ad
834 711 972 773 omnem
995 700 1069 776 ele·

35 811 36 824 ’
109 825 245 919 gantiam
277 838 408 899 natue,
445 804 650 890 Ruhnkenii
682 813 787 888 nostri
823 816 1003 914 disciplina
1027 821 1070 893 ati

111 939 301 1034 politiorem
318 916 514 1008 Liternum
540 937 716 1022 scientiam
741 938 922 1026 excultus,
957 942 1071 1016 clarus

111 1058 197 1129 doila
220 1055 452 1148 disputatione
475 1057 534 1129 Da
559 1059 837 1160 Anthropoiogia
854 1061 1072 1136 Stoicorum:
1106 1127 1113 1148 ,
1146 1097 1150 1109 ·

112 1180 225 1269 quibus
243 1178 385 1252 dotibus
409 1178 544 1250 accellrt
571 1179 755 1274 multiplex
775 1181 910 1262 leiilo,
945 1179 978 1254 iit
1007 1186 1074 1255 lto·
1148 1185 1155 1195 ’

110 1303 254 1386 minum,
272 1321 350 1371 cum
376 1302 410 1375 in
427 1305 557 1393 patria,
585 1324 657 1376 tum
683 1301 773 1395 apud
796 1323 953 1390 exteros,
970 1303 1072 1376 usust

111 1421 294 1494 animorum
309 1420 526 1494 observatio:
552 1423 664 1499 sermo
689 1422 827 1507 utilium
854 1415 1104 1517 &jucunda-1
1170 1467 1172 1474 >

108 1561 175 1614 rum
191 1561 303 1614 rerum
319 1545 655 1618 commemoratione
673 1545 857 1634 frequens,
883 1545 973 1626 idem
991 1563 1074 1640 per·

108 1660 559 1747 iacema,s1neoffenfione
586 1662 621 1736 it
654 1662 868 1737 acerbitate:
904 1665 1014 1740 immo
1039 1669 1076 1740 in

110 1791 197 1856 omni
218 1786 397 1881 congreiiu
425 1785 619 1869 urbanitas,
646 1781 683 1854 it
707 1804 786 1856 cum
809 1781 1076 1870 beneuolentiae

109 1903 350 1998 fignificatione
378 1905 585 1978 amabilitas.
643 1900 871 1978 Difficillimis
905 1902 1077 2001 reipubli-

107 2045 164 2096 cae
200 2028 400 2102 muneribus
444 2044 485 2094 ac
520 2027 672 2121 negotiis
705 2045 829 2121 magna
862 2043 942 2096 cum
972 2021 1077 2096 laude

110 2143 288 2234 speratus,
324 2145 503 2220 communi
525 2165 639 2216 rerum
666 2143 890 2219 convcrfione
914 2143 1076 2228 afflictus,

110 2283 299 2358 temporum
327 2267 544 2356 iniquitatem
575 2263 634 2338 sua
658 2264 733 2356 ipse
761 2262 949 2336 constantie
971 2265 1075 2336 vicitr

108 2403 198 2454 nunc
210 2388 361 2460 animum
380 2387 627 2482 ingeniumque
648 2401 765 2458 vetere
782 2382 964 2464 Musarum
979 2401 1078 2456 com·

105 2507 237 2578 mencio
262 2501 456 2578 recreat&
485 2505 657 2580 sustentat.

158 2621 252 2698 Huic
280 2627 591 2720 coniunilillimus,
620 2624 777 2722 'ingenio
810 2622 1078 2720 &tempotum

107 2743 246 2822 fotrum
271 2747 472 2842 persimilis,
508 2747 684 2824 Nicolaoa
709 2743 907 2836 Patadyfius
923 2793 937 2837 ,
972 2741 1081 2812 medi·

100 2889 162 2958 etta
193 2875 330 2948 πολλῶ
361 2869 524 2964 ἀντάξιος
559 2870 695 2958 ἄλλων,
726 2867 796 2961 jam
832 2885 915 2938 tunc
945 2865 1083 2958 juvenis

100 2985 248 3088 eleganti
279 2993 481 3070 Literarum
517 2989 552 3066 it
586 2987 797 3064 Latinitatis·
817 2983 953 3078 judicio
986 2983 1082 3058 vale·

87 3108 172 3181 'batt
196 3111 259 3188 usu
287 3097 326 3187 δι
353 3117 490 3210 ratione
523 3107 713 3184 medicinae
739 3106 914 3181 excellens
940 3107 1083 3182 allome-

97 3229 152 3302 bat
173 3232 360 3308 historiam
388 3235 497 3318 artis,
519 3250 557 3306 ut
582 3229 683 3302 sciret
710 3229 794 3321 quid
818 3231 978 3321 antiquae
1002 3219 1097 3300 'ellet‘

96 3348 295 3441 doilrinae,
341 3353 427 3446 quid
457 3353 688 3428 recentioris:
721 3347 903 3426 Veterum
937 3346 973 3424 ἂ
1010 3347 1087 3423 stm-

91 3471 315 3565 plicitatem'
351 3469 635 3564 sequeretur&
685 3471 922 3544 auctorititem
968 3487 1085 3544 tuere·

93 3609 165 3680 rur,
182 3611 363 3685 eamque
394 3595 438 3666 ab
459 3611 680 3668 novatorum
717 3588 914 3662 calamistris
947 3583 981 3659 δι
1009 3587 1085 3659 cin·

94 3715 200 3787 einais
233 3719 420 3813 integram
446 3713 620 3786 'servatetr
647 3709 763 3784 iimilis
796 3708 866 3782 hac
891 3710 929 3794 in
955 3731 994 3780 rt
1010 3703 1083 3802 [ci-

89 3837 172 3910 licet
193 3837 309 3928 Tibi,
341 3833 392 3904 mi
413 3829 564 3919 Boschi,
590 3835 769 3924 antiquum
800 3830 981 3904 obtinens:
1009 3849 1089 3900 cae-

89 3974 196 4037 terum
219 3959 386 4042 ferme,
413 3959 534 4050 ,antipa
565 3954 657 4049 pain,
692 3948 789 4032 iniria
816 3944 1085 4048 piollantye‘tat,

604 4067 650 4116 aa
677 4088 714 4170 3,
1045 4085 1096 4140 eg,
