2720 6004
318 398 387 454 ιω
457 363 779 448 remmom-t
827 343 1138 456 remotim

317 573 402 644 riam
428 567 845 656 ellemimadrertimus,
879 590 971 662 quae
995 593 1070 648 oon
1095 577 1157 654 nii
1182 580 1276 676 pimi-

317 691 402 772 bns,
433 707 537 778 quam
562 709 630 780 pto
645 687 778 760 nostrae
800 687 981 762 relationis
1000 693 1135 780 modo,
1159 705 1277 795 paginis

316 805 570 904 per-censendo,
602 803 640 880 dt
661 809 698 878 in
720 807 818 882 aliud
834 828 972 904 tempos
991 814 1181 908 rejicienda
1197 819 1275 894 eleo

317 929 442 1022 imque
468 947 561 1000 none
589 945 660 998 noo
684 927 744 1000 nili
772 931 933 1022 proxima
962 929 999 1004 dt
1021 957 1138 1029 pauca
1153 940 1274 1014 rotabi-

318 1069 408 1124 mua.
463 1045 622 1120 'situlum
646 1067 760 1120 temen
784 1054 1064 1142 praetermittere
1095 1077 1159 1126 non
1173 1054 1271 1147 pollu-

319 1189 417 1242 mut:
451 1169 587 1258 inquo
615 1169 719 1244 nobis
738 1168 827 1241 illud
841 1170 977 1265 aliquot
991 1174 1167 1268 displicet.
1209 1174 1274 1250 Pri·

322 1309 385 1362 mo
418 1289 677 1380 ambiguitatem
705 1287 832 1377 habet,
867 1288 994 1362 sintne
1015 1294 1149 1389 aliquot
1165 1295 1271 1381 ritae,

321 1431 364 1482 ao
380 1408 514 1504 aliquot
530 1402 775 1478 excellentium
791 1401 1026 1482 Batavorum.
1073 1411 1202 1486 Deinde
1213 1436 1272 1484 no·

321 1532 462 1604 vitatem
496 1524 632 1598 redolet
667 1518 706 1594 &-
737 1517 947 1600 lveterum
976 1549 1074 1602 more
1099 1535 1269 1628 abhorret;

323 1669 475 1744 quorum
502 1666 611 1738 quum
631 1640 737 1714 multi
750 1639 848 1718 Vitas
870 1645 1087 1740 scripserint,
1111 1652 1264 1742 oemorel

325 1770 464 1844 Graece
485 1791 520 1839 v·
542 1788 578 1840 c.
602 1765 645 1837 iis
668 1761 805 1834 titulum
822 1761 932 1868 fecit,
950 1766 1020 1858 Birt
1043 1775 1126 1852 ruit
1139 1769 1262 1862 'frit‘lur

321 1889 545 1984 ermis,
577 1903 691 1974 neque
718 1880 821 1950 etiam
847 1883 915 1956 iiiut
940 1891 1031 1964 τοῦ
1056 1886 1086 1964 ἒ.
1100 1914 1190 1987 πμ
1216 1888 1268 1964 sed

324 2006 547 2100 fimplieiter,
572 2004 640 2080 Birt
655 1995 801 2095 ἀνδρία,
820 2002 888 2076 iiiut
909 2015 1101 2104 στρατηίη
1113 2006 1261 2098 bulliat,

321 2127 390 2204 ator
405 2129 468 2198 τῶν
482 2121 518 2196 ἐν
534 2121 641 2216 ἀρετῇ
657 2115 943 2215 mmm·
963 2117 998 2194 dt
1014 2125 1169 2210 fimiliter,
1186 2125 1260 2220 περὶ

256 2289 261 2300 .
322 2242 428 2342 βίω·
445 2241 597 2332 itemque
613 2234 731 2310 Latini
750 2234 920 2308 fecerunt.
963 2237 1029 2312 Sed
1042 2240 1167 2314 iortall'e
1184 2241 1263 2314 ieri·

185 2403 194 2412 ·
323 2380 407 2458 ptor
440 2358 543 2452 hujus
575 2354 690 2428 libelli
725 2358 930 2450 verebatur,
968 2380 1010 2430 oe
1035 2357 1080 2432 lic
1102 2379 1270 2448 caeteros,

325 2499 476 2574 quorum
504 2479 592 2550 vitas
608 2499 679 2562 pon
694 2477 892 2570 scriptillet,
917 2481 1092 2550 immeto
1110 2475 1271 2552 excellen-

325 2603 413 2674 tium
430 2597 634 2674 Batavorum
652 2595 825 2672 exclofille
843 2598 1029 2676 rideretur.
1077 2596 1181 2693 Quod
1198 2621 1271 2692 qm·

328 2739 366 2792 re
387 2737 583 2804 vereretur,
608 2737 679 2813 nop
703 2735 798 2802 erat3
826 2718 992 2810 liquidem
1012 2740 1078 2792 nec
1094 2721 1226 2798 Veteres
1239 2723 1271 2794 io

325 2841 393 2916 huc
421 2835 529 2936 cauffo
550 2837 586 2910 id
602 2841 702 2912 veriti
719 2838 806 2912 sunt.
841 2837 962 2912 Veluti
978 2842 1054 2934 ipse
1069 2839 1182 2932 Nepos
1198 2837 1270 2910 Et·

322 2958 521 3036 cellenrium
534 2955 791 3050 Imperatorum
812 2957 933 3046 litus,
959 2962 1017 3032 vel
1030 2960 1094 3040 De
1110 2960 1191 3038 lura
1205 2959 1275 3034 Er·

315 3077 522 3156 ‘cellentiurr
549 3075 829 3170 Imperatorum,
863 3077 896 3148 se
924 3077 1077 3152 scribere
1102 3079 1286 3175 proiellus„

323 3215 392 3272 nec
415 3197 620 3288 pauciores.
653 3215 864 3296 quamquot
882 3197 1082 3295 delegerat,
1106 3205 1277 3288 omittens,

207 3291 223 3312 ’
325 3313 465 3392 omillos
484 3335 578 3392 certe
594 3335 664 3388 non
678 3316 723 3388 ab
741 3314 923 3410 illustrium
937 3339 1083 3394 numero
1099 3324 1277 3414 imperato·
1358 3385 1359 3420 ;

324 3459 404 3514 rom
431 3434 590 3514 exclusos
614 3434 751 3524 voluit,
776 3437 885 3510 veluti
907 3451 1077 3526 Aratum,
1100 3439 1277 3518 Arillome·
1358 3475 1359 3488 2

326 3575 428 3645 nem,
458 3551 655 3644 Bralidam,
683 3555 916 3646 clearchum,
950 3557 1162 3632 Cleomenes
1175 3556 1281 3642 duos

241 3679 246 3692 '
275 3743 282 3752 ,
324 3673 593 3754 Demosthenem
609 3672 816 3750 Alcisthenis
831 3675 964 3769 filium,
987 3673 1207 3774 Evagonm,
1215 3674 1288 3750 Ge·

325 3791 466 3884 looem,
499 3791 714 3885 Hieronem,
746 3792 965 3888 Leonidam,
984 3795 1177 3895 jasonem,
1199 3793 1314 3876 Leo·

1203 3915 1286 3990 illle·

274 5079 1357 5400 ⁹*-
