2780 5184
941 469 1019 534 m

40 611 238 762 cupiditati
257 646 479 724 uehementer
510 645 531 720 i
563 641 666 717 vobn
699 643 855 721 incensae
882 643 1011 726 satisfa-

39 799 234 966 claEliiND
272 829 323 960 dt
344 883 450 974 illud,
469 877 565 976 quod
578 887 636 962 sub
657 889 768 981 ipsum
786 899 922 979 tempus
936 883 1009 959 edi·

39 1025 97 1089 iae
124 1019 159 1086 in
178 1011 318 1085 Horreo
343 1005 437 1078 illius
462 1002 737 1098 repreheniionis
763 1023 818 1075 me
850 1003 937 1092 ulii,
973 999 1010 1077 u

36 1155 109 1228 ego
134 1151 170 1204 te
185 1131 472 1224 interrogabam,
496 1149 538 1200 an
563 1127 607 1200 ed
626 1141 704 1200 earn
721 1123 943 1220 responsurus
959 1137 1015 1192 en·
1125 1229 1127 1236 ¹
1169 1205 1177 1222 ο

38 1251 121 1325 ses?
728 1321 734 1326 .
963 1306 969 1322 .

45 1421 49 1430 .
89 1369 150 1444 W.
184 1369 262 1442 En!
287 1370 381 1444 hunc
409 1384 553 1466 quoqne
579 1362 786 1458 Lynd'enutn
805 1349 902 1440 oneri
921 1378 1012 1442 onus

35 1485 246 1564 addentem!
282 1483 374 1594 Nam
403 1487 468 1594 tiiti
492 1485 632 1584 quidem
655 1488 725 1584 jam
752 1507 858 1574 tunc,
884 1504 923 1558 ut
944 1501 1014 1577 pu·

33 1630 104 1697 to,
130 1609 378 1682 satisfaciebetn
399 1605 539 1693 dicens,
589 1604 731 1700 „Quid
750 1611 841 1680 eninr
865 1605 1010 1699 respon·

35 1781 68 1822 ,‚
98 1729 199 1801 deam
226 1726 458 1814 febricitanti,
485 1705 674 1798 miserando
692 1729 811 1820 potius
831 1747 932 1819 quarn
958 1747 1017 1797 re·
1101 1749 1104 1756 ’

34 1847 282 1942 ,‚fe11endni
318 1869 389 1918 non
423 1848 533 1939 tnagis
557 1865 662 1938 quam
694 1845 885 1933 caniculis,
921 1863 1019 1939 quae,

31 2013 63 2056 „
93 1983 196 2036 antea
213 1987 268 2038 rne
287 1958 524 2039 allairnrunt.”
698 2019 702 2030 .
851 2043 861 2058 Ι,

85 2081 175 2162 ΡΗ.
210 2083 301 2170 sed,
328 2087 414 2179 age!
437 2085 493 2157 dic
520 2080 658 2158 tandem
675 2083 719 2156 de
738 2082 977 2158 Orationibus.

84 2206 152 2278 W.
185 2203 308 2300 Ergo,
333 2199 431 2293 quod
460 2199 708 2290 Latinitatem,-
735 2194 772 2272 dt
801 2200 867 2274 alia
894 2203 1012 2278 subin·

30 2323 106 2409 de,
140 2315 342 2392 deiidetavit
364 2342 404 2392 nc
430 2321 565 2393 notavit
594 2323 738 2414 ignotus
763 2322 906 2423 censor,
939 2343 1011 2396 non

26 2445 110 2519 fuit
129 2439 174 2540 de
190 2437 316 2513 nihilo.
367 2434 445 2536 Ipse
470 2437 514 2506 in'
529 2437 675 2528 quadam
700 2437 935 2532 Ephetneride
954 2463 1013 2514 re·

27 2559 220 2658 spondens
238 2552 395 2638 censori,
419 2557 691 2643 pronunciabat,
716 2573 796 2628 eum
826 2556 1013 2647 auferre,
1114 2649 1121 2661 .

21 2679 217 2780 stupidum
236 2687 343 2768 caput
358 2669 501 2767 Belgice
518 2672 716 2765 appellans:
741 2657 929 2789 aurorane,
947 2675 1015 2748 bo·

27 2803 191 2874 nitatem
218 2795 385 2866 orationis
405 2793 483 2866 suae
507 2793 702 2867 dociiiiirnis
719 2793 1017 2868 Anrstelodanten·

30 2921 133 2994 fibus
152 2914 311 3009 probari.
361 2911 472 3007 Quod
494 2935 601 3004 quum
627 2913 753 3008 aliquis
779 2917 903 2988 mirans
929 2915 1016 2990 mihi

28 3055 224 3122 narraret,
255 3031 343 3108 Noli
369 3055 445 3122 me,
479 3036 639 3128 inquam,
671 3036 805 3110 inillis
830 3031 1018 3132 dodillr'ma's

29 3147 414 3252 Amsteiodamenssbus
429 3166 630 3228 numerare.
687 3129 886 3253 Equidem,
905 3157 1017 3232 conii·

31 3277 93 3348 lio
128 3293 248 3366 nuper
274 3293 379 3364 capto
406 3272 650 3348 censendamm
671 3277 877 3353 Orationurn
903 3279 1018 3350 nostra

31 3394 220 3470 memoria
235 3389 452 3484 iudicaram,
475 3393 553 3468 illas
567 3413 709 3486 quoque
724 3397 768 3467 ad
784 3418 900 3470 earum
909 3447 921 3486 ‚
939 3397 1018 3487 qui·

32 3517 109 3590 bus
140 3509 290 3589 censura
313 3511 518 3604 destinatur,
543 3535 723 3586 numerum
746 3517 1021 3611 aggregavimus»

32 3639 117 3733 Jam
141 3634 289 3728 explevi
308 3654 430 3732 munus
454 3635 474 3706 d
495 3636 598 3708 vobis
624 3635 709 3709 mihi
734 3634 954 3728 impositume
982 3653 1019 3705 tu

25 3757 165 3844 inune,
194 3753 430 3842 Philalethes,
454 3756 766 3842 auctoramentum,
792 3747 829 3826 dr
854 3771 915 3846 tu,
939 3751 1019 3827 Cri·
1101 3787 1104 3793 ·

30 3871 202 3964 tobuie,
227 3871 417 3964 symbolam
433 3875 584 3965 imperti.

483 3988 611 4036 aenne
901 4033 904 4038 ,
975 3985 1023 4066 X⁸
