2786 5174
854 504 860 528 ⁴
974 525 1096 620 xxm!

107 697 202 792 hujus
231 687 420 786 epistolae,
453 713 556 784 quant
580 661 752 768 amicitiae
782 693 915 768 nostrae
943 699 1072 778 dicavi.

107 818 203 916 Quae
225 817 334 913 igitur
356 812 418 888 illa
440 814 544 888 sunt?
567 812 721 898 Primum
748 818 925 918 omnium,
952 821 1071 916 quod,

109 941 182 1016 dun
194 939 337 1033 juvenes
361 936 508 1010 fuimns:
534 957 614 1010 nam
637 921 730 1010 nunc
747 943 954 1029 provetiiot
975 965 1069 1018 aetna

107 1085 123 1132 n
141 1061 327 1154 juventutis
344 1059 520 1134 erroribus
537 1079 623 1150 nos,
650 1055 777 1143 credo,
796 1045 982 1138 ‚liberavitz
1009 1061 1096 1138 Tu·
1125 1155 1132 1166 ²

94 1170 188 1254 'meas
205 1181 353 1274 ineptias
368 1177 496 1266 tulisti,
522 1201 561 1254 ιιι
578 1201 646 1277 ego
665 1199 752 1254 tuas.
786 1175 946 1267 Deinde,
968 1179 1070 1272 ,quod

102 1302 185 1372 nihi
207 1301 320 1374 multis
345 1301 500 1395 partibus
522 1300 677 1395 prodesse
707 1299 872 1375 studuisti.
929 1301 1070 1380 Recens

105 1443 157 1494 nte
180 1428 375 1520 cognitum,
401 1443 440 1498 ιιι
464 1424 537 1516 ipse
562 1414 727 1509 amabas,
759 1423 809 1496 ita
840 1407 982 1514 operam
1014 1423 1074 1494 da·

103 1545 158 1616 bas
187 1567 225 1620 ut
254 1545 315 1616 alii
351 1564 532 1631 amarent,
566 1543 693 1635 quibus
736 1565 792 1626 tae
834 1543 1070 1622 conciliass'est

103 1686 189 1740 meas
210 1665 329 1742 landes
354 1663 608 1760 praedicabas,
643 1685 811 1757 meaeque
844 1665 1069 1742 existimatio·

99 1789 174 1876 nis,
206 1809 245 1863 ιιι
276 1787 352 1882 ipse
384 1785 476 1862 solea
502 1785 642 1872 dicere,
668 1769 855 1880 bucinator
880 1804 966 1862 eras.
1017 1787 1067 1888 Et

101 1906 289 2000 cquando
322 1929 569 2004 aegrotarem,
602 1905 701 2000 quod
732 1924 877 2000 propter
908 1903 998 1978 caeli
1031 1903 1068 1984 ὰ

99 2013 180 2099 aeris
203 2029 397 2104 novitatem
417 2027 514 2128 ,haud
536 2048 616 2103 raro
649 2025 776 2112 fiebat,
810 2045 902 2110 tanta
935 2049 992 2100 ma
1016 2029 1070 2102 di·

98 2143 233 2240 ligantia
273 2143 309 2222 dc
352 2149 588 2224 sollicitudine
629 2148 827 2232 invisebat,
872 2151 1067 2238 tractabas,

97 2269 251 2357 curabas,
276 2271 392 2346 urnii
417 2273 586 2344 amantius
611 2270 805 2365 excogitari
831 2271 952 2364 pniiet.
990 2273 1068 2348 Ne.

97 2411 162 2482 qne
190 2391 278 2464 anihi
306 2393 370 2487 ipti
404 2389 668 2477 tantummodo,
701 2389 759 2462 sed
795 2388 830 2466 dr
864 2395 1068 2491 disciplinae

100 2511 235 2583 naahas
280 2533 404 2599 meae,
457 2531 572 2604 neque
632 2511 808 2588 deiinebns
865 2515 1067 2591 adolescen-

101 2648 151 2702 tes
182 2630 333 2722 hortati,
372 2655 413 2710 ιιι
435 2635 469 2706 ei
502 2634 537 2705 se
567 2631 714 2706 darent:
757 2655 873 2726 eoque
889 2636 1065 2729 majorem

97 2753 310 2848 percipiebas
337 2756 448 2832 landis
481 2749 517 2826 dt
551 2752 745 2846 voluptatis
777 2757 956 2840 fredum,
991 2777 1064 2848 qno

92 2879 221 2972 majore
255 2897 350 2952 mene
389 2875 532 2982 scholae
561 2875 770 2973 frequentia
810 2876 1063 2972 discipulorum

90 2995 261 3072 florerent.
319 2997 432 3072 Porro
473 3020 580 3090 quum
613 3020 668 3070 res
703 2989 780 3070 med
809 3017 992 3108 ageretnr,
1027 2999 1064 3070 in

88 3116 303 3192 decernenda
336 3119 422 3192 mihi
454 3141 573 3205 nova,
606 3123 642 3192 in
673 3121 856 3194 Athenaeo
889 3101 1063 3190 Antsteio·

88 3239 259 3332 ὀιιιιιιιίῑ,
307 3238 556 3332 Philosophiae
598 3241 788 3349 cathedra,
832 3262 928 3316 tuum
973 3242 1063 3312 inter

90 3359 237 3436 cae'tertn
279 3365 417 3436 anticos
458 3366 495 3433 in
536 3363 656 3452 primis
696 3365 842 3436 eminuit
884 3342 1063 3447 stadium,

84 3483 214 3577 agendo
240 3479 278 3557 ὅ(
311 3480 475 3552 omnibus
499 3483 634 3559 vitibus
652 3479 909 3558 contendendo.
952 3480 1064 3551 Cum

83 3625 147 3694 quc
204 3604 404 3697 aliquoties
459 3601 720 3676 Antiieiodamo
773 3603 818 3678 ad
871 3601 954 3683 alias
1001 3599 1065 3672 iia·

89 3725 192 3798 dones
226 3727 434 3810 invitarer,
470 3722 527 3798 Tn
562 3727 731 3820 continuo
765 3741 822 3792 ane
848 3721 1066 3810 convenisti,
1137 3727 1141 3736 '

84 3843 238 3938 suadae,
266 3848 442 3934 hortans,
467 3844 650 3942 flagitans,
675 3866 721 3918 ne
745 3842 966 3936 obsequerer.
1013 3843 1067 3916 Ec

997 3962 1062 4044 hnc
