2780 5184
317 484 340 537 2
467 438 1218 534 cvunntio.snER10Rns''

315 659 431 730 invitis
459 655 569 728 Mufis
596 673 794 736 cantantes,
819 651 861 724 ab
889 653 945 724 his
973 656 1141 726 caecitate
1171 661 1267 750 puniti

228 750 231 759 ¹
317 773 556 846 credebantur.
606 771 686 845 Nec
724 771 804 864 ipsa*
829 773 915 844 haec
950 776 1072 868 opinio
1105 777 1200 869 apud
1219 781 1267 850 he·

317 897 452 966 roicum
473 893 544 987 jem
562 893 737 965 saeculum
757 892 933 988 rignida,
959 893 1019 964 nist
1042 917 1125 968 cum
1150 899 1265 970 humani

316 1013 447 1104 ingenii
484 1031 602 1082 natura
638 1029 858 1105 congrueret.
908 1011 971 1084 Est
998 1017 1091 1086 enim
1119 1016 1194 1104 alit,
1215 1040 1262 1088 et·

315 1154 384 1223 que
414 1135 552 1225 gravior
580 1130 764 1203 oculorum
791 1128 962 1226 caligine,
998 1139 1125 1208 mentis
1150 1137 1259 1232 caligo,

317 1274 420 1343 quam
461 1253 497 1324 hi
537 1252 701 1346 paulatim
738 1252 969 1356 contrahunt,
1006 1258 1066 1344 qui
1101 1263 1265 1351 opiniones

318 1371 415 1460 suas,
440 1373 537 1485 veli
563 1374 596 1444 se
620 1393 753 1466 partas,
780 1370 837 1442 vel
862 1370 1000 1444 aliunde
1023 1398 1196 1474 acceptes,
1223 1381 1264 1450 itt

318 1493 489 1584 probant,
525 1511 661 1578 tenent,
705 1489 966 1583 amplexantur,
1006 1515 1045 1566 ut
1083 1519 1140 1568 eas
1175 1501 1264 1570 unite

316 1609 430 1684 firmae
456 1633 634 1705 certasque
662 1607 725 1680 effe
752 1607 916 1706 statuant;
950 1634 1014 1685 nec
1047 1619 1214 1708 cogitent,
1236 1615 1264 1685 se

317 1729 455 1804 fortaise
479 1738 514 1804 in
541 1737 584 1806 iis
613 1729 747 1804 tuendis
774 1751 907 1818 errare,
925 1815 927 1822 y
944 1754 1072 1826 easque
1100 1734 1143 1804 ad
1173 1736 1257 1804 tatio·

315 1852 370 1922 nis
387 1873 541 1924 normam
566 1849 601 1925 dt
624 1851 815 1946 judicium,
853 1872 891 1922 ut
927 1831 1069 1923 unicum
1106 1859 1188 1925 rede
1218 1855 1261 1923 vi-

315 1969 418 2040 dendi
444 1971 721 2062 instrumentum,
748 1971 932 2064 exigendas
961 1970 1038 2043 elie.
1074 1971 1146 2066 Quo
1164 1972 1260 2066 negli-

314 2095 431 2186 gentia
458 2090 606 2182 denique
628 2113 671 2162 eo
689 2091 938 2184 prolabuntur,
963 2109 1002 2160 ut
1028 2093 1166 2180 quamtis
1197 2085 1255 2180 ipfi

202 2212 204 2220 ‘
271 2237 274 2250 ·
315 2210 468 2301 imperiti
495 2229 677 2302 rerumque
709 2213 840 2306 ignari,
876 2229 985 2280 tomen
1009 2201 1042 2279 se
1070 2206 1255 2296 sunmmque

316 2333 523 2424 opinionum
549 2333 706 2404 tutiores
738 2329 773 2407 dt
808 2329 987 2403 consortes
1006 2327 1094 2399 solos
1131 2325 1264 2420 inpete,

315 2449 544 2524 dissentientes
579 2474 737 2545 quosque
770 2451 943 2543 desipere,
983 2465 1114 2541 putent.
1163 2445 1264 2536 Atqui
1365 2491 1366 2547 p

316 2569 502 2643 stVeteres
525 2575 616 2643 redte
645 2571 843 2684 sapientiam
870 2567 1158 2662 cognominarunt
1186 2587 1270 2642 mene

315 2691 364 2764 tit
390 2690 544 2781 oculum,
581 2679 765 2783 sapientiai:
794 2709 910 2788 autern
944 2689 1083 2758 initium
1119 2686 1266 2782 cognitio·
1364 2731 1365 2768 ,

312 2828 391 2882 nem
411 2806 472 2905 fio·
492 2803 594 2902 t'pfitts
626 2806 807 2896 dixeruntr
833 2805 930 2880 nulla
957 2805 1264 2898 protectoriam

312 2931 478 3024 mojorem
488 2929 593 3000 menti
605 2926 790 3024 caliginem
808 2925 970 3023 offundit,
991 2949 1098 3019 quam
1118 2949 1173 3013 en,
1185 2941 1262 3016 quoe

310 3049 507 3144 cognitioni
536 3047 585 3117 sni
614 3046 716 3137 ipstus
743 3047 875 3122 officit:
901 3069 966 3118 nec
987 3045 1059 3119 alia
1079 3046 1271 3138 huicnegio
1363 3057 1364 3066 ¹

311 3167 437 3254 officit,
457 3189 560 3260 quem
575 3187 731 3240 errorum
747 3167 939 3242 nostrorum
957 3172 1151 3264 ignoratio.
1182 3165 1275 3260 Quae

309 3313 390 3365 cum
430 3290 619 3378 unicuique
657 3291 768 3382 turpis
801 3289 874 3381 en,
910 3311 981 3362 tum
1012 3287 1157 3384 turpior
1183 3290 1278 3360 etiam
1362 3273 1363 3333 i

306 3415 372 3497 iis,
391 3415 451 3506 qui
478 3408 647 3503 ejusmodi
666 3432 788 3482 munus
808 3411 1052 3503 susceperunt,
1081 3412 1184 3504 cujus
1209 3427 1279 3499 pem
1361 3497 1362 3510 ἵ

307 3529 347 3599 fit
376 3547 536 3601 errorum
557 3525 749 3601 alienorum
778 3533 927 3603 notatio.
986 3529 1090 3626 Quin
1123 3520 1279 3628 igitur&
1361 3529 1362 3595 ι

305 3671 370 3720 nos
407 3647 584 3723 censuram
623 3669 714 3720 nunc
751 3651 785 3722 in
826 3671 892 3723 nos
929 3652 990 3744 ipst
1026 3667 1279 3724 convertemus.
1360 3713 1361 3758 ἶ

304 3767 417 3863 Cujus
449 3776 578 3869 ¹nomen
611 3767 648 3843 dt
689 3771 841 3844 officium
882 3793 988 3862 quum
1011 3845 1014 3850 ,
1037 3772 1086 3842 ab
1128 3771 1288 3843 Romano

303 3907 399 3960 more
427 3887 591 3976 venerit,
616 3891 767 3964 civitatis
782 3887 1005 3984 censendae,
1033 3891 1211 3966 clastibus
1234 3885 1286 3957 de·
1359 3947 1360 3990 ἶ

1209 4004 1283 4078 stri·
