2780 5184
358 677 567 760 narsetum,
590 687 664 746 ean
688 671 855 745 orationis
876 663 1106 744 &notoriam
1136 671 1299 755 'verbohtm

219 827 224 835 ·
362 793 571 872 obscuritate
599 816 639 865 ac
663 789 766 884 spinis
785 791 964 883 laborarej
991 792 1027 864 id
1044 814 1087 866 ne
1106 798 1170 888 ipsi
1189 789 1300 891 quidam

365 923 399 990 in
420 915 602 990 Germania
617 911 774 984 Kantiani
793 931 937 1006 negante
965 935 1068 1008 negat
1087 911 1123 987 δι
1142 924 1302 1011 reprehen-

364 1030 415 1108 dit
436 1023 652 1106 Hhrreatins.
706 1018 828 1112 ident‚'
849 1026 1128 1114 Kantittt'n·'nota
1153 1039 1238 1110 verba
1259 1039 1303 1112 st·

365 1159 533 1229 hricattrm
553 1147 739 1223 defendens
765 1147 929 1240 exemplo
949 1151 1156 1240 Ciceronis,
1175 1174 1234 1227 non
1256 1159 1302 1226 vi·

366 1277 418 1348 dit
448 1295 501 1347 res
536 1271 674 1364 protsirs
706 1267 769 1338 csse
800 1267 965 1342 diversas:
1011 1271 1215 1348 Ciceronem
1245 1279 1304 1369 pri·

368 1413 461 1472 ntum
485 1381 608 1465 diserte
633 1390 677 1461 de
704 1387 932 1483 Philosophia
950 1387 1173 1486 scribentem,
1195 1397 1303 1482 verba,

368 1534 457 1610 quae
476 1497 632 1583 nondum
654 1531 772 1594 etant,
806 1507 928 1580 Latina
955 1505 998 1578 de
1026 1507 1169 1582 Graecis
1185 1509 1301 1596 secisse,

212 1661 215 1669 ·
363 1640 487 1726 ‘itaque
506 1653 559 1702 res
578 1629 690 1702 verbis
709 1627 901 1702 illustrasse:
928 1619 1091 1706 isontium
1112 1627 1237 1702 natium
1250 1631 1303 1700 lin·

367 1775 469 1850 gnam
496 1747 1073 1834 Germanictmabundantisstmam
1101 1743 1137 1819 ἂ
1162 1750 1302 1822 sufficien-

369 1892 437 1945 tem
463 1875 573 1948 cuivis
599 1867 828 1960 philosophae
854 1869 990 1940 notioni
1013 1890 1055 1940 at
1080 1866 1202 1958 sectae,
1223 1889 1304 1940 tete·

369 1993 466 2062 tibur
498 1992 601 2062 rebus
639 2007 729 2062 nova
762 1989 902 2058 nomina
941 1977 1109 2078 posuisse,
1141 1990 1303 2064 tortuosam

370 2112 606 2183 sententiarum
645 2083 930 2179 constructionem
972 2106 1155 2194 instituisse,
1195 2112 1300 2199 itaque

369 2247 414 2298 ex
431 2225 510 2298 lucc
534 2226 694 2299 tencbtta'
718 2223 846 2300 secisse.
892 2223 953 2298 -Et
979 2227 1048 2296 vnit
1067 2223 1254 2298 Horrearius
1270 2225 1305 2298 se

359 2343 506 2414 -doiium
524 2339 559 2416 ἀ
578 2342 770 2439 elegantem
790 2345 904 2418 ficere
922 2345 1061 2421 citandis
1077 2367 1221 2418 veterum
1236 2345 1309 2416 hit·
1383 2415 1384 2442 ᾗ

206 2479 211 2492 ·
356 2467 414 2536 ‹tit
434 2485 475 2536 ae
500 2467 673 2560 veribus,
701 2463 736 2540 &
764 2466 914 2540 facetum
942 2465 1187 2540 conformando
1213 2461 1309 2534 dialo-

323 2581 326 2588 ’
355 2591 437 2684 ·go!
455 2585 556 2684 Quae
574 2605 772 2660 ornamenta
787 2589 823 2658 in
835 2585 975 2659 homine
994 2589 1126 2674 aliena,
1140 2583 1309 2676 teignco·

356 2707 443 2784 'ium
466 2709 617 2794 varium,
643 2707 698 2780 vei
723 2706 897 2781 saltantem
925 2707 1136 2794 auriculum,
1154 2727 1195 2776 ex
1211 2699 1309 2774 fabola

76 2860 117 2997 s
361 2831 471 2903 nobis
488 2828 652 2902 reserent.
703 2824 811 2898 Satin’
831 2827 916 2898 haec
938 2825 1042 2896 vobis
1062 2825 1203 2900 sortiter.

419 2947 480 3020 W.
515 2946 605 3021 Satis
627 2943 786 3037 sortiter3
813 2943 871 3019 sed
901 2945 1077 3034 breviter,
1106 2965 1144 3016 ut
1170 2939 1312 3012 schinan-

207 3135 210 3146 ,
367 3066 534 3139 tisabire.
643 3139 649 3154 ,
1381 3141 1382 3160 2

359 3190 361 3198 '
414 3181 569 3260 LYND.
605 3185 777 3279 Equidem
794 3185 831 3262 ἀ
848 3189 891 3261 de
908 3181 1099 3259 Ciceronis
1117 3183 1241 3270 ctum,
1261 3201 1323 3251 no·
1381 3241 1382 3263 t

354 3309 421 3380 'tis
438 3307 551 3378 verbis
565 3305 823 3400 Philosophiam
843 3304 1230 3403 augentisfaliquando
1244 3303 1321 3374 hant

367 3426 473 3519 ipsam
507 3425 613 3497 thefin
647 3426 690 3498 ad
725 3425 963 3521 disputandum
991 3425 1118 3517 posui:
1158 3423 1323 3498 &recem
1380 3493 1381 3498 ,

356 3529 697 3634 hermianensem,
717 3543 963 3616 dissertationes
987 3547 1150 3638 petendo
1165 3547 1327 3643 Juriston·

351 3665 449 3736 ‘susti
470 3664 589 3757 gradui
609 3661 753 3768 scriptas
770 3661 997 3759 persustrans,
1021 3669 1154 3741 videns
1163 3665 1272 3759 menas
1281 3660 1328 3730 ci·

353 3786 444 3886 matis
470 3773 657 3856 multorum
685 3786 861 3856 auctorum
893 3787 1001 3871 iocis,
1038 3811 1170 3862 earum
1196 3787 1332 3876 scripto·
1379 3877 1380 3880 Ἴ

344 3907 418 3974 'res
435 3901 540 4000 longe
559 3902 798 3977 eruditishmos
823 3907 1065 3982 honines-effe
1082 3909 1229 4001 putati
1274 3899 1331 3974 Po·
1379 3897 1380 3961 i

344 4035 350 4048 “
1269 4017 1335 4092 sita
