2800 5166
340 521 390 615 a
601 489 1112 603 unctiones

336 717 408 790 hoc
426 712 514 786 loco
528 711 788 804 requirebatur,
807 713 957 798 certius,
978 733 1016 786 eo
1032 710 1167 784 minore
1181 726 1308 785 tamer·

338 835 433 908 roris
441 832 621 929 pericula,
648 847 718 902 cet.
767 829 807 904 P.
830 834 898 918 86,
915 829 1065 927 secunda
1073 826 1309 926 postpabarta·

263 972 265 980 “
337 973 407 1031 tem
426 975 537 1038 anna,
563 953 695 1026 aetatis
709 951 885 1051 vigesima,
911 955 1001 1028 bana
1010 965 1170 1046 paterna
1186 945 1228 1030 ἐξ
1242 949 1309 1021 ari·

338 1093 381 1151 ta
400 1075 468 1171 fibi
488 1052 717 1171 acquirebam
742 1081 832 1167 quae
859 1072 975 1146 nostro
1000 1071 1061 1163 ipii
1086 1067 1197 1140 studio
1219 1067 1309 1172 uobis

338 1219 603 1292 comparamus,
629 1215 670 1266 ea
694 1192 843 1268 dicimur
865 1192 1071 1287 acquirere,
1091 1191 1194 1283 'quasi
1217 1209 1309 1280 quae·

335 1317 446 1393 tendo
478 1315 602 1388 addere
634 1313 705 1400 iis,
747 1335 836 1406 quae
867 1312 938 1405 jam
971 1311 1164 1395 habemus,
1204 1310 1311 1394 bonit,

337 1417 580 1535 apocaraiaiat
596 1449 667 1517 raia
684 1431 887 1537 ὑπάρχουσι
897 1455 911 1528 3
937 1434 1043 1526 igitur
1068 1432 1252 1503 accuratius
1268 1429 1312 1499 di·

340 1577 440 1628 catur
454 1568 603 1648 compos,
614 1555 790 1642 daminus,
800 1551 959 1651 paffeffirr
969 1550 1102 1649 fiebat,
1120 1553 1158 1624 in
1168 1547 1310 1648 poffiffla·
1380 1633 1381 1636 Ἴ

341 1673 626 1770 aetimabatur,
663 1696 730 1748 cet:
765 1697 874 1767 porro
909 1675 1128 1770 ambiguitati
1161 1671 1314 1746 cavendae

345 1800 460 1889 aptius
486 1795 600 1869 fuerat
616 1793 764 1894 secanda
782 1793 985 1890 pubertatis
1008 1809 1122 1882 anam·
1147 1793 1170 1864 fi
1192 1788 1316 1882 quidem

340 1912 487 1988 aiterum
514 1911 558 1986 de
581 1917 677 1987 annis
704 1913 781 2007 post
806 1912 936 1984 finitam
969 1911 1188 2006 pubertatem
1214 1911 1316 2002 accipi

340 2035 456 2130 poffit.
504 2031 545 2104 P.
564 2033 630 2128 87,
657 2032 771 2105 matri
793 2031 965 2108 alimenta
983 2029 1165 2128 praeliare
1187 2028 1319 2107 tanaba-

345 2159 441 2226 tar:
457 2149 609 2246 suspecta
633 2173 699 2224 nec
723 2151 829 2225 ullius
844 2155 1054 2227 auiioritatis
1070 2150 1238 2223 Latinitas
1250 2171 1322 2222 vet·

343 2275 381 2346 bi
405 2274 529 2346 teneri.
578 2269 618 2344 Ρ.
634 2275 704 2366 98,
728 2269 819 2368 Jam
845 2299 925 2351 aero
950 2276 991 2347 da
1009 2269 1157 2371 scriptis
1172 2269 1263 2340 illias
1276 2265 1322 2340 ai·

343 2399 505 2485 deamat,
528 2393 634 2477 &ad
644 2409 790 2489 partam
807 2395 971 2469 criticam
987 2393 1215 2466 accedamus:
1240 2388 1318 2482 quai

341 2540 429 2593 vero
453 2520 553 2613 prior
575 2539 675 2610 pars,
700 2535 790 2606 quae
815 2516 862 2588 est
885 2516 927 2590 de
954 2519 1024 2589 vite
1042 2510 1078 2584 bt
1094 2515 1199 2586 rebus
1214 2509 1320 2583 Ando-

340 2637 449 2724 cidis,
476 2657 547 2736 non
565 2637 648 2707 item
666 2655 686 2707 e
706 2635 828 2710 critico
849 2641 977 2736 genere
1003 2635 1124 2711 fuiffet.
1183 2633 1223 2705 Ρ.
1243 2650 1321 2713 tao,

271 2821 287 2850 ¹.
344 2755 486 2850 conjicit
503 2773 552 2826 aa
567 2753 748 2851 legendam
757 2752 825 2848 sit:
852 2757 964 2850 proba
987 2756 1201 2831 construiiio
1218 2752 1322 2847 postu·
1380 2747 1381 2752 ’

237 2937 241 2945 .
340 2873 415 2974 lat,
438 2874 608 2967 conjicit,
643 2874 824 2972 legendum
851 2873 956 2972 effe.u
989 2879 1031 2951 P.
1061 2898 1158 2966 tot,
1186 2871 1323 2960 Reate,

341 2995 508 3068 barbare!
535 2993 678 3086 quidni,
705 3017 744 3068 ut
761 2995 865 3085 aiibi,
888 2997 1082 3072 Reiskius?
1106 2997 1234 3070 Latine
1253 2995 1327 3068 seri·

259 3127 261 3132 ’
326 3109 492 3200 benten,
526 3084 736 3192 florinorum
764 3139 896 3192 morem
921 3121 1018 3212 sequi
1045 3120 1210 3206 debemus
1224 3169 1238 3208 ,
1271 3118 1329 3207 qui

310 3234 529 3334 ‘peregrinis
560 3239 789 3323 nominibus,
833 3240 894 3311 nib
926 3262 1019 3317 cumr
1042 3241 1168 3314 Latina
1199 3242 1333 3310 ratione

337 3357 589 3462 convenirent,
614 3355 757 3430 Latinas
774 3362 1033 3432 terminationes
1049 3359 1236 3434 addebant.
1272 3363 1332 3431 At·

188 3477 189 3482 ‘
279 3533 281 3537 ,
337 3473 399 3568 qui
412 3474 653 3571 ticvhodieque
671 3477 879 3571 usurpantur
897 3481 1092 3572 Cantetur,
1112 3477 1328 3578 Stephanus,
1380 3531 1381 3540 r

250 3587 279 3667 't
335 3597 535 3696 Muretus,
567 3596 770 3692 Bentlcjus,
808 3597 843 3674 bt
869 3603 986 3673 omnia
1011 3604 1156 3675 nomina
1182 3602 1336 3696 propria.

255 3734 289 3756 ²
338 3717 388 3790 Et
407 3717 572 3792 ‚hodierni
602 3721 730 3815 populi
755 3743 789 3794 v.
817 3743 850 3794 c.
876 3719 1102 3816 Londiattm,
1139 3721 1208 3796 suo
1242 3741 1336 3793 more
1380 3765 1381 3778 1

335 3837 465 3938 Angli,
484 3842 545 3928 suo
562 3839 689 3919 Franci
710 3845 906 3918 terminant.
939 3839 1037 3915 Haec
1053 3840 1218 3928 aliorum
1231 3840 1337 3916 centia

329 3981 522 4036 monemus.
598 3961 691 4038 Nam
736 3961 892 4040 Sluitero
932 3962 1073 4057 quidem
1114 3983 1211 4036 nota
1250 3962 1337 4034 sunt.
1380 3969 1381 3972 ‘

1063 4079 1069 4094 '
1189 4080 1339 4173 buu
