2800 5166
373 495 442 565 1¹4
623 467 1102 561 LECTIONES

372 671 528 765 aperuit.
570 669 784 746 Sententiam
818 645 884 744 vn
919 668 981 742 ct.
1014 641 1065 742 ita
1095 666 1238 742 reddit:
1267 661 1337 764 Jca

373 809 507 890 quoqne
513 789 685 890 speeiem,
697 793 855 890 jndices,
870 787 1064 886 secundum
1079 787 1251 886 legitimos
1257 790 1335 884 juris

314 984 318 999 ,
376 910 570 998 tramites,
604 907 691 1008 t'psm
719 914 830 986 etiem
861 907 1104 1006 accusatores,
1147 913 1263 1006 quales
1287 909 1340 1006 ipss

373 1053 452 1108 tata
472 1028 565 1122 sent,
590 1031 679 1108 alins
706 1033 873 1132 accnsttre
894 1032 1021 1128 aussnt.
1069 1030 1155 1106 Hoc
1179 1031 1226 1104 eil
1245 1033 1340 1104 Attici

372 1155 534 1228 Oratoria
559 1154 760 1248 sententiam
783 1153 911 1230 Latine
933 1153 1098 1228 reddere!
1132 1151 1260 1226 Primo:
1282 1179 1339 1226 nn·

372 1284 588 1375 moneant,
620 1295 727 1366 quare
758 1294 831 1348 aon
862 1271 956 1347 nude
990 1271 1147 1346 redditur
1179 1267 1341 1366 accusent?

368 1397 517 1482 deinde,
541 1396 706 1490 quorsum
729 1391 977 1486 tundarinen,
1002 1393 1206 1486 exquilitius
1228 1390 1259 1464 dt
1280 1391 1339 1464 lere

368 1517 574 1610 poeticam,
599 1509 634 1584 dt
652 1515 698 1586 ab
714 1517 833 1586 Attica
851 1517 1017 1588 tenuitate
1035 1515 1204 1586 alienum.
1244 1513 1341 1594 Tun,

371 1639 431 1710 cai
459 1637 556 1710 bono
579 1631 719 1707 aliunde
746 1631 900 1704 adfertur
924 1633 1063 1708 tralatio
1083 1635 1148 1706 illa
1167 1615 1210 1708 ’ἁ
1231 1627 1341 1706 duta&

371 1755 497 1852 frigida
513 1759 549 1830 in
563 1755 666 1850 prosa
683 1755 822 1846 quidem
843 1755 1022 1842 eratione,
1049 1751 1085 1826 dt
1111 1756 1221 1828 Attici
1242 1769 1341 1822 orato·

366 1881 418 1952 tis
446 1877 619 1966 ditiione,
644 1873 834 1970 secundnm
866 1873 1036 1970 legitimos
1061 1877 1164 1970 juris
1192 1873 1343 1949 tramites.

369 1995 476 2094 Ergo
503 1997 601 2090 leges
625 1997 704 2070 sunt
724 1996 875 2091 legitimi
897 1997 1061 2071 tramites
1076 1997 1191 2092 juris,
1205 1993 1342 2092 semitae

372 2113 689 2210 compendiarias?
725 2115 873 2192 Latinae
905 2139 1003 2192 aures
1035 2120 1106 2194 hoe
1136 2117 1173 2188 in
1198 2109 1347 2208 populari

370 2239 532 2312 oratione
548 2255 621 2308 non
646 2239 756 2332 magis
780 2236 948 2324 tulilient‚
973 2253 1079 2334 quara
1095 2241 1247 2310 Graecae
1262 2231 1346 2310 ecrit

372 2357 455 2438 reale
467 2357 633 2452 territaret
649 2359 709 2446 tiit
728 2340 820 2446 diane
834 2357 987 2456 τρίβους.
1028 2356 1069 2434 In
1086 2357 1200 2428 Attici
1215 2355 1347 2444 scripta·

257 2487 259 2498 '
372 2481 420 2552 tis
441 2477 527 2550 loco
552 2475 678 2550 Latine
700 2477 891 2564 vertendo,
924 2479 1069 2571 fimplex
1095 2479 1174 2571 ejus
1197 2471 1348 2570 elegantia

370 2585 549 2668 retinenda
570 2613 655 2666 erat.
706 2595 745 2668 Si
776 2618 888 2670 tamen
911 2595 1049 2670 ttalatio
1072 2619 1133 2671 aut
1158 2593 1349 2692 periphtala

371 2715 492 2806 quaeri
521 2711 690 2801 debebat,
715 2733 853 2808 poterat
878 2700 948 2790 dici
970 2715 1163 2814 secundum
1185 2721 1282 2810 etas,
1300 2713 1350 2812 st·

371 2837 521 2906 eundum
553 2835 733 2932 rationes,
759 2833 872 2928 juris·
940 2834 1010 2908 Sed
1048 2839 1245 2934 praestabat
1275 2832 1358 2912 nude,

369 2952 512 3038 reddere
524 2951 714 3050 seeundum
729 2955 841 3052 legem·
862 2959 887 3029 fi
911 2957 1074 3051 quidem,
1099 2962 1244 3032 aunure
1259 2957 1354 3030 Cice·

370 3090 457 3142 tone
477 3071 619 3148 Orator.
646 3077 690 3162 8,
713 3097 761 3169 9,
785 3077 988 3164 Atticnttntt
1010 3079 1181 3176 religioni
1198 3101 1275 3154 enta
1285 3073 1359 3170 scc-

369 3191 637 3304 niteremur,
673 3200 808 3272 nullutn
839 3201 984 3276 terbum
1017 3199 1196 3297 inficiens,
1232 3197 1364 3272 nnllam

371 3307 516 3407 odiosum
526 3327 661 3408 ponere
676 3320 853 3398 audebat.-
879 3319 925 3404 δέ
948 3319 1041 3396 illud
1065 3319 1105 3392 in
1118 3319 1285 3400 ,oratione
1300 3313 1361 3388 At·

368 3434 475 3508 ticam
490 3435 557 3533 cst,
584 3441 677 3532 quod
694 3439 789 3514 nihii
809 3439 916 3520 ltabet
942 3439 1086 3538 infitiare
1111 3459 1184 3516 ttat
1200 3441 1363 3535 irreptant·

370 3553 850 3650 mmmmmstffl.
994 3637 996 3642 .
1144 3627 1148 3632 .

419 3675 459 3754 Ρ.
482 3699 546 3772 13,
565 3701 601 3750 v.
620 3699 677 3773 ις.
703 3678 742 3751 ln
759 3679 1000 3776 Demophanti
1017 3683 1289 3774 Piephisnratea
1313 3673 1365 3752 nul

369 3793 465 3894 disce
495 3799 554 3872 nal
581 3793 720 3894 ditant
750 3799 1001 3878 Valckenarius
1038 3805 1124 3882 haec
1160 3805 1278 3877 verba
1312 3798 1368 3870 suo

366 3913 453 4020 lato
479 3939 574 3996 moa
598 3918 663 3992 elle
689 3921 839 3998 monuit.
891 3919 974 3998 Hoc
999 3921 1275 4012 animadverso,
1300 3937 1372 3992 cte·

1320 4034 1375 4107 di·
