2752 5166
308 479 356 572 aa
410 465 685 586 consuas
718 457 952 542 LIBANII
986 459 1243 542 osonum

313 648 389 746 quit
412 647 570 752 Limnias
589 643 632 718 de
653 618 807 740 tempora
830 635 988 714 adversae
1005 637 1083 712 suae
1098 637 1317 736 vaetudinis,

316 763 503 872 injucundus
526 771 602 844 mibi
626 788 695 844 erat
718 771 837 842 anninus
871 763 915 838 nd
944 789 992 840 mc
1023 767 1162 838 enniana.
1217 765 1316 877 Quod

318 896 409 973 houd
431 895 499 970 scio
515 917 556 970 an
575 915 634 970 aut
653 892 894 992 supplendum,
909 915 968 966 aut
987 909 1080 964 certe
1097 889 1269 983 sumtum,
1282 893 1317 968 bt

317 1045 363 1096 ex
384 1019 477 1094 disto
490 1021 587 1119 Jonis
609 1019 731 1111 Chii,e
747 1017 925 1094 Plutarcho
946 1014 1041 1089 nohis
1064 1015 1196 1111 cogniti
1215 1019 1268 1093 Τ.
1278 1020 1314 1094 11.

318 1147 377 1222 De
406 1145 521 1221 Animi
555 1146 706 1240 Tranqu.
731 1171 765 1244 p.
790 1149 883 1237 466,
907 1145 963 1219 D:
986 1140 1115 1217 niani
1129 1141 1167 1226 ὅ,
1190 1139 1219 1212 a'
1250 1147 1316 1216 aa

315 1283 456 1362 aucupia,
479 1271 515 1362 ὅ,
540 1273 663 1343 a'c'ttctin
677 1279 772 1360 βαθύς.

365 1402 403 1473 Ρ.
430 1421 496 1490 54,
521 1400 565 1487 B,
592 1401 641 1490 C,
667 1401 724 1474 M.
748 1405 815 1490 48,
849 1397 903 1474 R:
934 1397 1125 1494 Imperante
1149 1395 1313 1491 Valente,

316 1525 503 1622 Lupicinus
529 1543 602 1603 erat
625 1523 776 1602 Orientis
799 1523 904 1597 Dux:
928 1520 985 1596 hic
1001 1519 1144 1596 libanio
1165 1523 1315 1598 concilia·

317 1667 374 1724 tus
404 1649 564 1722 monebat
595 1655 660 1731 ecoe
681 1659 734 1720 aaa
755 1651 820 1720 ὶδῶν
842 1655 955 1724 τούτους
985 1657 1232 1744 καταγελῶντες,
1259 1656 1312 1730 nait

315 1784 368 1846 τοῦ
398 1779 528 1862 inaot‘av
557 1781 742 1865 κληρούχους,
782 1772 950 1858 &maeuii
977 1775 1208 1866 ἀλαζονεύονται,
1238 1780 1312 1862 abab

314 1907 472 1990 ζηλοῦντας
490 1905 608 1994 {nanim
631 1899 830 1996 Legendum
845 1900 968 1986 οὐρανοῦ,
981 1897 1080 1984 cucii3
1106 1904 1310 1996 nequeenim

314 2025 360 2098 de
376 2025 511 2098 homine
521 2079 531 2113 ,
541 2024 657 2098 nescio
674 2047 741 2121 quo
754 2077 765 2114 ,
778 2027 896 2096 Urania
912 2023 1140 2120 cogitandum:
1164 2023 1313 2100 Christia-

315 2171 378 2225 nos
394 2147 551 2224 doiiores
579 2147 759 2247 fignificat,
792 2153 868 2222 istos
892 2149 1070 2242 templorum
1097 2170 1312 2242 contemtores,

316 2277 390 2351 coeli
414 2277 552 2364 colonos,
584 2277 636 2370 qai
653 2275 779 2368 jobiam
797 2255 1153 2367 iterabitatctn,nniipaa‚
1180 2281 1214 2349 in
1238 2279 1312 2349 cocio

311 2399 372 2495 fibi
399 2399 566 2497 cepnfitam
589 2398 666 2494 csse.
711 2398 788 2480 ‘'Eiat
811 2395 854 2472 de
875 2397 940 2472 suis
964 2401 1097 2496 templis
1122 2401 1314 2500 frequentet

315 2524 436 2600 dicunt
452 2525 524 2620 ejus
538 2521 657 2598 aetatis
671 2523 848 2622 scriptores
865 2547 885 2597 a
902 2523 1091 2600 Christianis
1106 2527 1214 2602 alieni.
1264 2531 1316 2604 De

274 2655 279 2680 ‘
313 2646 555 2746 fignificatione
588 2649 659 2747 ejus
686 2647 775 2744 apud
809 2647 977 2745 Antiquos
1010 2651 1168 2746 exposuit
1198 2653 1318 2727 Ruhn-

233 2837 235 2842 .
314 2763 435 2848 kenius'
458 2775 492 2846 in
510 2775 602 2850 Tim.
620 2773 705 2848 Vox
726 2770 927 2874 restituenda
942 2790 995 2844 est
1009 2771 1152 2846 Libanio
1175 2777 1238 2848 Or.
1259 2781 1323 2852 Pa·
1358 2781 1359 2789 ’

315 2899 433 2978 rentai.
459 2899 494 2972 in
516 2900 636 2997 Julian.
656 2902 713 2974 ’Τ.
739 2901 787 2979 11.
809 2921 845 2994 ·p.
871 2919 961 2994 330,
986 2896 1040 2981 D,
1064 2895 1155 2990 apud
1171 2895 1318 2976 'Fabria

314 3024 354 3098 B.
383 3024 427 3098 G.
464 3025 548 3103 vn.
577 3047 611 3124 p.
644 3029 736 3122 ¹376:
763 3025 822 3102 ubi
853 3023 965 3098 editur
1000 3022 1095 3093 sonan
1134 3043 1196 3117 pro
1225 3022 1320 3095 ἔθεσιν.

317 3146 385 3222 sed
410 3171 503 3226 nunc
523 3151 626 3229 video
644 3151 820 3229 Reiskium
842 3149 888 3224 ita
905 3151 972 3248 jam
991 3147 1213 3224 conexissee
1234 3149 1322 3224 codi-
1355 3141 1356 3156 '

315 3275 409 3351 cibus
430 3300 465 3374 p.
492 3299 580 3373 279,
603 3277 701 3375 hujus
721 3275 889 3352 editionis.

362 3405 400 3478 P.
421 3407 485 3492 61,
511 3403 559 3495 Β,
584 3404 642 3480 Μ.
666 3423 735 3497 54,
755 3405 812 3480 R:
835 3404 993 3492 Sabinas,
1009 3403 1156 3478 inimicat
1168 3405 1320 3489 Libanii,

314 3524 464 3624 rescripto
482 3529 637 3627 Principis
660 3529 921 3604 condemnabatur
942 3529 1024 3622 dupli
1042 3524 1086 3610 δ’
1110 3531 1323 3623 ignominiae:

313 3651 404 3726 miics
417 3658 605 3749 apportabat
623 3651 807 3750 rescriptam
823 3654 1031 3766 Antiochiam.
1076 3655 1113 3730 Is
1130 3661 1184 3748 qui
1196 3659 1318 3752 primas
1350 3689 1351 3767 p

311 3779 383 3872 ajat
409 3782 624 3854 acinaticium
649 3793 831 3876 acceparat,
865 3776 974 3852 labana
995 3801 1063 3854 cnm
1089 3782 1258 3877 suigauit:
1284 3775 1323 3862 δ’

313 3903 400 3977 miles
429 3905 506 3978 dona
519 3903 701 4001 frequentia
723 3903 898 3999 accipiebat
922 3905 964 3975 ab
988 3904 1030 3976 iit
1058 3906 1113 3994 qni
1135 3910 1195 3980 boc
1215 3907 1322 3981 nantia

309 4029 525 4112 hataboanc.
559 4033 671 4133 Itaque
686 4007 846 4130 Sabinas,
864 4029 1224 4122 nomiomacensis
1247 4039 1321 4107 benc

1232 4153 1319 4253 fecit
