<?xml version="1.0" encoding="UTF-8"?>
<!DOCTYPE html PUBLIC "-//W3C//DTD XHTML 1.0 Transitional//EN"
    "http://www.w3.org/TR/xhtml1/DTD/xhtml1-transitional.dtd">
<html xmlns="http://www.w3.org/1999/xhtml" xml:lang="en" lang="en">
 <head>
  <title>
</title>
<meta http-equiv="Content-Type" content="text/html;charset=utf-8" />
  <meta name='ocr-system' content='tesseract 3.04.00' />
  <meta name='ocr-capabilities' content='ocr_page ocr_carea ocr_par ocr_line ocrx_word'/>
</head>
<body>
  <div class='ocr_page' id='page_1' title='image "./bibliothecacrit02wyttgoog_0363.png"; bbox 0 0 2800 5166; ppageno 0'>
   <div class='ocr_carea' id='block_1_1' title="bbox 78 473 1044 616">
    <p class='ocr_par' dir='ltr' id='par_1_1' title="bbox 78 473 1044 616">
     <span class='ocr_line' id='line_1_1' title="bbox 78 473 1044 616; baseline 0.006 -54"><span class='ocrx_word' id='word_1_1' title='bbox 78 475 81 486; x_wconf 58' lang='lat'>¹</span> <span class='ocrx_word' id='word_1_2' title='bbox 160 473 535 616; x_wconf 79' lang='lat' dir='ltr'><strong>noruoxou.</strong></span> <span class='ocrx_word' id='word_1_3' title='bbox 568 475 891 568; x_wconf 78' lang='lat' dir='ltr'><strong>vocnt-u.</strong></span> <span class='ocrx_word' id='word_1_4' title='bbox 975 503 1044 588; x_wconf 61' lang='grc' dir='ltr'><strong>ιι,</strong></span> 
     </span>
    </p>
   </div>
   <div class='ocr_carea' id='block_1_2' title="bbox 43 681 1098 3436">
    <p class='ocr_par' dir='ltr' id='par_1_2' title="bbox 43 681 1098 3303">
     <span class='ocr_line' id='line_1_2' title="bbox 43 681 1024 782; baseline 0 -22"><span class='ocrx_word' id='word_1_5' title='bbox 43 699 213 782; x_wconf 73' lang='lat' dir='ltr'><strong>perperam</strong></span> <span class='ocrx_word' id='word_1_6' title='bbox 232 683 340 769; x_wconf 85' lang='lat' dir='ltr'><strong>feeit,</strong></span> <span class='ocrx_word' id='word_1_7' title='bbox 367 685 547 780; x_wconf 72' lang='lat' dir='ltr'>ignoscere</span> <span class='ocrx_word' id='word_1_8' title='bbox 565 681 782 761; x_wconf 85' lang='lat' dir='ltr'>debemus&amp;</span> <span class='ocrx_word' id='word_1_9' title='bbox 800 684 1024 780; x_wconf 84' lang='lat' dir='ltr'><strong>compensare</strong></span> 
     </span>
     <span class='ocr_line' id='line_1_3' title="bbox 43 805 1024 900; baseline -0.002 -20"><span class='ocrx_word' id='word_1_10' title='bbox 43 806 113 882; x_wconf 75' lang='lat' dir='ltr'><strong>iliis</strong></span> <span class='ocrx_word' id='word_1_11' title='bbox 136 805 254 882; x_wconf 85' lang='lat' dir='ltr'><strong>multis</strong></span> <span class='ocrx_word' id='word_1_12' title='bbox 280 805 481 900; x_wconf 82' lang='lat' dir='ltr'>magnisque</span> <span class='ocrx_word' id='word_1_13' title='bbox 504 806 569 876; x_wconf 86' lang='lat' dir='ltr'><strong>viri</strong></span> <span class='ocrx_word' id='word_1_14' title='bbox 595 806 784 881; x_wconf 84' lang='lat' dir='ltr'><strong>laudibusa</strong></span> <span class='ocrx_word' id='word_1_15' title='bbox 817 807 903 880; x_wconf 87' lang='lat' dir='ltr'><strong>fecit</strong></span> <span class='ocrx_word' id='word_1_16' title='bbox 932 806 1024 878; x_wconf 86' lang='lat' dir='ltr'><strong>enim</strong></span> 
     </span>
     <span class='ocr_line' id='line_1_4' title="bbox 44 913 1024 1022; baseline -0.002 -22"><span class='ocrx_word' id='word_1_17' title='bbox 44 934 156 1022; x_wconf 80' lang='lat' dir='ltr'><strong>partim</strong></span> <span class='ocrx_word' id='word_1_18' title='bbox 178 923 434 1001; x_wconf 84' lang='lat' dir='ltr'><strong>consuetudine</strong></span> <span class='ocrx_word' id='word_1_19' title='bbox 458 924 584 999; x_wconf 87' lang='lat' dir='ltr'><strong>saeculi</strong></span> <span class='ocrx_word' id='word_1_20' title='bbox 610 921 687 1013; x_wconf 84' lang='lat' dir='ltr'><strong>sui,·</strong></span> <span class='ocrx_word' id='word_1_21' title='bbox 707 943 781 1018; x_wconf 89' lang='lat' dir='ltr'><strong>quo</strong></span> <span class='ocrx_word' id='word_1_22' title='bbox 806 913 1024 1020; x_wconf 73' lang='lat' dir='ltr'><strong>conieciurac&#39;</strong></span> 
     </span>
     <span class='ocr_line' id='line_1_5' title="bbox 46 1045 1026 1122; baseline -0.004 0"><span class='ocrx_word' id='word_1_23' title='bbox 46 1045 259 1122; x_wconf 79' lang='lat' dir='ltr'><strong>&amp;codicum</strong></span> <span class='ocrx_word' id='word_1_24' title='bbox 282 1046 450 1118; x_wconf 74' lang='lat' dir='ltr'><strong>rectiones</strong></span> <span class='ocrx_word' id='word_1_25' title='bbox 475 1047 630 1120; x_wconf 82' lang='lat' dir='ltr'><strong>eamdem</strong></span> <span class='ocrx_word' id='word_1_26' title='bbox 654 1051 893 1122; x_wconf 71' lang='lat' dir='ltr'><strong>auctoritatem</strong></span> <span class='ocrx_word' id='word_1_27' title='bbox 919 1045 1026 1119; x_wconf 77' lang='lat' dir='ltr'><strong>habe·</strong></span> 
     </span>
     <span class='ocr_line' id='line_1_6' title="bbox 46 1163 1027 1274; baseline -0.001 -33"><span class='ocrx_word' id='word_1_28' title='bbox 46 1163 145 1258; x_wconf 85' lang='lat' dir='ltr'><strong>bant,</strong></span> <span class='ocrx_word' id='word_1_29' title='bbox 176 1177 366 1255; x_wconf 76' lang='lat' dir='ltr'><strong>earumque</strong></span> <span class='ocrx_word' id='word_1_30' title='bbox 391 1179 607 1274; x_wconf 85' lang='lat' dir='ltr'><strong>receptarum</strong></span> <span class='ocrx_word' id='word_1_31' title='bbox 640 1171 1027 1243; x_wconf 77' lang='lat' dir='ltr'><strong>commemorationum</strong></span> 
     </span>
     <span class='ocr_line' id='line_1_7' title="bbox 45 1283 1098 1385; baseline 0.003 -26"><span class='ocrx_word' id='word_1_32' title='bbox 45 1303 156 1372; x_wconf 46' lang='lat' dir='ltr'><strong>tantae</strong></span> <span class='ocrx_word' id='word_1_33' title='bbox 177 1305 302 1376; x_wconf 87' lang='lat' dir='ltr'><strong>quanta</strong></span> <span class='ocrx_word' id='word_1_34' title='bbox 325 1283 442 1358; x_wconf 88' lang='lat' dir='ltr'><strong>nostro</strong></span> <span class='ocrx_word' id='word_1_35' title='bbox 469 1287 630 1374; x_wconf 87' lang='lat' dir='ltr'><strong>saeculo,</strong></span> <span class='ocrx_word' id='word_1_36' title='bbox 656 1289 829 1385; x_wconf 80' lang='lat' dir='ltr'><strong>religione</strong></span> <span class='ocrx_word' id='word_1_37' title='bbox 845 1299 865 1360; x_wconf 77' lang='lat' dir='ltr'><strong>u</strong></span> <span class='ocrx_word' id='word_1_38' title='bbox 881 1287 1029 1362; x_wconf 77' lang='lat' dir='ltr'><strong>Criticit</strong></span> <span class='ocrx_word' id='word_1_39' title='bbox 1093 1287 1098 1298; x_wconf 90' lang='lat'>&#39;</span> 
     </span>
     <span class='ocr_line' id='line_1_8' title="bbox 43 1405 1029 1497; baseline 0.007 -21"><span class='ocrx_word' id='word_1_40' title='bbox 43 1405 237 1480; x_wconf 82' lang='lat' dir='ltr'><strong>coleretur:</strong></span> <span class='ocrx_word' id='word_1_41' title='bbox 273 1405 399 1497; x_wconf 79' lang='lat' dir='ltr'><strong>partim</strong></span> <span class='ocrx_word' id='word_1_42' title='bbox 422 1405 509 1478; x_wconf 86' lang='lat' dir='ltr'><strong>fecit</strong></span> <span class='ocrx_word' id='word_1_43' title='bbox 532 1409 750 1482; x_wconf 84' lang='lat' dir='ltr'><strong>festinatione</strong></span> <span class='ocrx_word' id='word_1_44' title='bbox 774 1427 816 1480; x_wconf 83' lang='lat' dir='ltr'><strong>ec</strong></span> <span class='ocrx_word' id='word_1_45' title='bbox 840 1408 952 1485; x_wconf 88' lang='lat' dir='ltr'><strong>studio</strong></span> <span class='ocrx_word' id='word_1_46' title='bbox 975 1411 1029 1484; x_wconf 83' lang='lat' dir='ltr'><strong>rei</strong></span> 
     </span>
     <span class='ocr_line' id='line_1_9' title="bbox 43 1523 1031 1620; baseline 0.008 -24"><span class='ocrx_word' id='word_1_47' title='bbox 43 1526 202 1620; x_wconf 79' lang='lat' dir='ltr'><strong>gerendae</strong></span> <span class='ocrx_word' id='word_1_48' title='bbox 238 1545 279 1596; x_wconf 88' lang='lat' dir='ltr'><strong>ac</strong></span> <span class='ocrx_word' id='word_1_49' title='bbox 307 1523 495 1600; x_wconf 87' lang='lat' dir='ltr'><strong>multorum</strong></span> <span class='ocrx_word' id='word_1_50' title='bbox 523 1529 717 1605; x_wconf 67' lang='lat' dir='ltr'><strong>duriorum</strong></span> <span class='ocrx_word' id='word_1_51' title='bbox 744 1529 959 1603; x_wconf 78' lang='lat' dir='ltr'><strong>editionibus</strong></span> <span class='ocrx_word' id='word_1_52' title='bbox 983 1527 1031 1604; x_wconf 71' lang='lat' dir='ltr'><strong>tle</strong></span> 
     </span>
     <span class='ocr_line' id='line_1_10' title="bbox 44 1634 1030 1739; baseline 0.008 -22"><span class='ocrx_word' id='word_1_53' title='bbox 44 1649 179 1739; x_wconf 81' lang='lat' dir='ltr'><strong>optimis</strong></span> <span class='ocrx_word' id='word_1_54' title='bbox 201 1641 330 1720; x_wconf 82' lang='lat' dir='ltr'><strong>Literis</strong></span> <span class='ocrx_word' id='word_1_55' title='bbox 356 1647 445 1720; x_wconf 89' lang='lat' dir='ltr'><strong>bene</strong></span> <span class='ocrx_word' id='word_1_56' title='bbox 470 1649 635 1722; x_wconf 86' lang='lat' dir='ltr'><strong>merendi.</strong></span> <span class='ocrx_word' id='word_1_57' title='bbox 677 1634 772 1726; x_wconf 71' lang='lat' dir='ltr'><strong>&#39;Fure</strong></span> <span class='ocrx_word' id='word_1_58' title='bbox 790 1651 884 1720; x_wconf 87' lang='lat' dir='ltr'><strong>enim</strong></span> <span class='ocrx_word' id='word_1_59' title='bbox 899 1647 958 1724; x_wconf 82' lang='lat' dir='ltr'><strong>hic</strong></span> <span class='ocrx_word' id='word_1_60' title='bbox 973 1651 1030 1725; x_wconf 83' lang='lat' dir='ltr'><strong>vir</strong></span> 
     </span>
     <span class='ocr_line' id='line_1_11' title="bbox 45 1761 1030 1846; baseline 0.005 -5"><span class='ocrx_word' id='word_1_61' title='bbox 45 1783 125 1842; x_wconf 91' lang='lat' dir='ltr'><strong>unus</strong></span> <span class='ocrx_word' id='word_1_62' title='bbox 149 1763 302 1840; x_wconf 86' lang='lat' dir='ltr'><strong>omnium</strong></span> <span class='ocrx_word' id='word_1_63' title='bbox 328 1761 421 1842; x_wconf 89' lang='lat' dir='ltr'><strong>idem</strong></span> <span class='ocrx_word' id='word_1_64' title='bbox 442 1762 477 1842; x_wconf 69' lang='grc' dir='ltr'>ἃ</span> <span class='ocrx_word' id='word_1_65' title='bbox 496 1769 774 1843; x_wconf 82' lang='lat' dir='ltr'><strong>laboriofissimus</strong></span> <span class='ocrx_word' id='word_1_66' title='bbox 791 1765 826 1842; x_wconf 73' lang='grc' dir='ltr'><strong>δι</strong></span> <span class='ocrx_word' id='word_1_67' title='bbox 844 1765 1030 1846; x_wconf 81' lang='lat' dir='ltr'><strong>efficaciffi·</strong></span> 
     </span>
     <span class='ocr_line' id='line_1_12' title="bbox 47 1883 1029 1984; baseline 0.004 -24"><span class='ocrx_word' id='word_1_68' title='bbox 47 1905 118 1962; x_wconf 81' lang='lat' dir='ltr'><strong>mus</strong></span> <span class='ocrx_word' id='word_1_69' title='bbox 145 1885 179 1960; x_wconf 79' lang='lat' dir='ltr'><strong>dt</strong></span> <span class='ocrx_word' id='word_1_70' title='bbox 208 1887 471 1962; x_wconf 79' lang='lat' dir='ltr'><strong>eruditiffimuct</strong></span> <span class='ocrx_word' id='word_1_71' title='bbox 506 1893 568 1982; x_wconf 90' lang='lat' dir='ltr'><strong>qui</strong></span> <span class='ocrx_word' id='word_1_72' title='bbox 595 1883 715 1984; x_wconf 82' lang='lat' dir='ltr'><strong>plures</strong></span> <span class='ocrx_word' id='word_1_73' title='bbox 739 1891 911 1963; x_wconf 71' lang='lat' dir='ltr'><strong>Amatores</strong></span> <span class='ocrx_word' id='word_1_74' title='bbox 938 1891 1029 1964; x_wconf 57' lang='lat' dir='ltr'><strong>anti*-</strong></span> 
     </span>
     <span class='ocr_line' id='line_1_13' title="bbox 46 2003 1029 2105; baseline 0.002 -21"><span class='ocrx_word' id='word_1_75' title='bbox 46 2031 126 2102; x_wconf 87' lang='lat' dir='ltr'><strong>quos</strong></span> <span class='ocrx_word' id='word_1_76' title='bbox 137 2005 266 2098; x_wconf 86' lang='lat' dir='ltr'><strong>edidit,</strong></span> <span class='ocrx_word' id='word_1_77' title='bbox 278 2025 380 2102; x_wconf 87' lang='lat' dir='ltr'><strong>quam</strong></span> <span class='ocrx_word' id='word_1_78' title='bbox 395 2009 447 2084; x_wconf 89' lang='lat' dir='ltr'><strong>isti</strong></span> <span class='ocrx_word' id='word_1_79' title='bbox 463 2009 729 2105; x_wconf 84' lang='lat' dir='ltr'><strong>reprehensores</strong></span> <span class='ocrx_word' id='word_1_80' title='bbox 744 2003 929 2105; x_wconf 81' lang='lat' dir='ltr'><strong>legerunte</strong></span> <span class='ocrx_word' id='word_1_81' title='bbox 945 2009 1029 2104; x_wconf 77' lang='lat' dir='ltr'><strong>plu·</strong></span> 
     </span>
     <span class='ocr_line' id='line_1_14' title="bbox 47 2127 1026 2230; baseline 0.005 -28"><span class='ocrx_word' id='word_1_82' title='bbox 47 2133 241 2226; x_wconf 80' lang='lat' dir='ltr'><strong>rescripiit,</strong></span> <span class='ocrx_word' id='word_1_83' title='bbox 267 2153 369 2224; x_wconf 88' lang='lat' dir='ltr'><strong>quam</strong></span> <span class='ocrx_word' id='word_1_84' title='bbox 396 2131 447 2202; x_wconf 87' lang='lat' dir='ltr'><strong>isti</strong></span> <span class='ocrx_word' id='word_1_85' title='bbox 474 2127 580 2202; x_wconf 80' lang='lat' dir='ltr'><strong>fando</strong></span> <span class='ocrx_word' id='word_1_86' title='bbox 604 2127 830 2227; x_wconf 79' lang='lat' dir='ltr'><strong>nudiyeruute</strong></span> <span class='ocrx_word' id='word_1_87' title='bbox 858 2133 1026 2230; x_wconf 81' lang='lat' dir='ltr'><strong>majorem</strong></span> 
     </span>
     <span class='ocr_line' id='line_1_15' title="bbox 46 2247 1030 2347; baseline 0.007 -25"><span class='ocrx_word' id='word_1_88' title='bbox 46 2251 222 2324; x_wconf 64' lang='lat' dir='ltr'><strong>doctrinam</strong></span> <span class='ocrx_word' id='word_1_89' title='bbox 240 2247 358 2326; x_wconf 86' lang='lat' dir='ltr'><strong>animo</strong></span> <span class='ocrx_word' id='word_1_90' title='bbox 375 2261 574 2347; x_wconf 79' lang='lat' dir='ltr'><strong>perceptam</strong></span> <span class='ocrx_word' id='word_1_91' title='bbox 603 2251 737 2339; x_wconf 87' lang='lat' dir='ltr'><strong>tenuit,</strong></span> <span class='ocrx_word' id='word_1_92' title='bbox 763 2273 866 2345; x_wconf 87' lang='lat' dir='ltr'><strong>quam</strong></span> <span class='ocrx_word' id='word_1_93' title='bbox 893 2253 947 2325; x_wconf 83' lang='lat' dir='ltr'><strong>isti</strong></span> <span class='ocrx_word' id='word_1_94' title='bbox 972 2253 1030 2330; x_wconf 76' lang='lat' dir='ltr'><strong>su·</strong></span> 
     </span>
     <span class='ocr_line' id='line_1_16' title="bbox 46 2365 1029 2468; baseline 0.009 -28"><span class='ocrx_word' id='word_1_95' title='bbox 46 2371 191 2463; x_wconf 82' lang='lat' dir='ltr'><strong>spicione</strong></span> <span class='ocrx_word' id='word_1_96' title='bbox 208 2374 387 2468; x_wconf 79' lang='lat' dir='ltr'><strong>attingere</strong></span> <span class='ocrx_word' id='word_1_97' title='bbox 414 2389 617 2467; x_wconf 79' lang='lat' dir='ltr'><strong>potuerunt.</strong></span> <span class='ocrx_word' id='word_1_98' title='bbox 684 2365 801 2446; x_wconf 90' lang='lat' dir='ltr'><strong>Nobis</strong></span> <span class='ocrx_word' id='word_1_99' title='bbox 832 2373 909 2466; x_wconf 91' lang='lat' dir='ltr'><strong>pust</strong></span> <span class='ocrx_word' id='word_1_100' title='bbox 946 2385 1029 2448; x_wconf 80' lang='lat' dir='ltr'><strong>euni</strong></span> 
     </span>
     <span class='ocr_line' id='line_1_17' title="bbox 47 2489 1029 2592; baseline 0.005 -30"><span class='ocrx_word' id='word_1_101' title='bbox 47 2490 134 2562; x_wconf 87' lang='lat' dir='ltr'><strong>idern</strong></span> <span class='ocrx_word' id='word_1_102' title='bbox 147 2489 287 2586; x_wconf 81' lang='lat' dir='ltr'><strong>spatium</strong></span> <span class='ocrx_word' id='word_1_103' title='bbox 307 2491 458 2592; x_wconf 84' lang='lat' dir='ltr'><strong>ingreffis</strong></span> <span class='ocrx_word' id='word_1_104' title='bbox 473 2505 544 2568; x_wconf 82' lang='lat' dir='ltr'><strong>uon</strong></span> <span class='ocrx_word' id='word_1_105' title='bbox 564 2489 749 2566; x_wconf 80' lang='lat' dir='ltr'><strong>illaudatus</strong></span> <span class='ocrx_word' id='word_1_106' title='bbox 765 2491 896 2564; x_wconf 82' lang='lat' dir='ltr'><strong>abibit:</strong></span> <span class='ocrx_word' id='word_1_107' title='bbox 917 2511 1029 2584; x_wconf 79' lang='lat' dir='ltr'><strong>eaque</strong></span> 
     </span>
     <span class='ocr_line' id='line_1_18' title="bbox 46 2607 1029 2704; baseline -0.003 -19"><span class='ocrx_word' id='word_1_108' title='bbox 46 2613 147 2686; x_wconf 89' lang='lat' dir='ltr'><strong>nobis</strong></span> <span class='ocrx_word' id='word_1_109' title='bbox 163 2611 196 2686; x_wconf 77' lang='lat' dir='ltr'><strong>dr</strong></span> <span class='ocrx_word' id='word_1_110' title='bbox 213 2615 278 2690; x_wconf 87' lang='lat' dir='ltr'><strong>fuit</strong></span> <span class='ocrx_word' id='word_1_111' title='bbox 295 2609 329 2686; x_wconf 77' lang='lat' dir='ltr'><strong>dt</strong></span> <span class='ocrx_word' id='word_1_112' title='bbox 347 2619 412 2687; x_wconf 89' lang='lat' dir='ltr'><strong>etit</strong></span> <span class='ocrx_word' id='word_1_113' title='bbox 429 2610 583 2686; x_wconf 86' lang='lat' dir='ltr'><strong>laudatio</strong></span> <span class='ocrx_word' id='word_1_114' title='bbox 601 2613 765 2704; x_wconf 84' lang='lat' dir='ltr'><strong>frequens</strong></span> <span class='ocrx_word' id='word_1_115' title='bbox 781 2614 816 2682; x_wconf 91' lang='lat' dir='ltr'><strong>in</strong></span> <span class='ocrx_word' id='word_1_116' title='bbox 827 2607 903 2682; x_wconf 87' lang='lat' dir='ltr'><strong>hoc</strong></span> <span class='ocrx_word' id='word_1_117' title='bbox 918 2629 1029 2701; x_wconf 84' lang='lat' dir='ltr'><strong>opere</strong></span> 
     </span>
     <span class='ocr_line' id='line_1_19' title="bbox 47 2727 1030 2828; baseline -0.005 -21"><span class='ocrx_word' id='word_1_118' title='bbox 47 2731 81 2807; x_wconf 75' lang='lat' dir='ltr'><strong>dr</strong></span> <span class='ocrx_word' id='word_1_119' title='bbox 98 2735 275 2822; x_wconf 83' lang='lat' dir='ltr'><strong>veriffime,</strong></span> <span class='ocrx_word' id='word_1_120' title='bbox 289 2746 325 2809; x_wconf 92' lang='lat' dir='ltr'><strong>ut</strong></span> <span class='ocrx_word' id='word_1_121' title='bbox 341 2737 406 2808; x_wconf 86' lang='lat' dir='ltr'><strong>viri</strong></span> <span class='ocrx_word' id='word_1_122' title='bbox 424 2733 514 2806; x_wconf 86' lang='lat' dir='ltr'><strong>bene</strong></span> <span class='ocrx_word' id='word_1_123' title='bbox 530 2731 619 2804; x_wconf 77' lang='lat' dir='ltr'><strong>dtur</strong></span> <span class='ocrx_word' id='word_1_124' title='bbox 637 2727 680 2803; x_wconf 84' lang='lat' dir='ltr'><strong>ad</strong></span> <span class='ocrx_word' id='word_1_125' title='bbox 696 2730 886 2828; x_wconf 86' lang='lat' dir='ltr'><strong>legentium</strong></span> <span class='ocrx_word' id='word_1_126' title='bbox 904 2733 1030 2827; x_wconf 86' lang='lat' dir='ltr'><strong>cogni·</strong></span> 
     </span>
     <span class='ocr_line' id='line_1_20' title="bbox 46 2847 1028 2951; baseline 0.002 -26"><span class='ocrx_word' id='word_1_127' title='bbox 46 2859 170 2928; x_wconf 88' lang='lat' dir='ltr'><strong>tionem</strong></span> <span class='ocrx_word' id='word_1_128' title='bbox 188 2873 426 2951; x_wconf 87' lang='lat' dir='ltr'><strong>proponamus</strong></span> <span class='ocrx_word' id='word_1_129' title='bbox 443 2849 478 2926; x_wconf 73' lang='grc' dir='ltr'><strong>δι</strong></span> <span class='ocrx_word' id='word_1_130' title='bbox 495 2849 738 2937; x_wconf 80' lang='lat' dir='ltr'><strong>celebremus,</strong></span> <span class='ocrx_word' id='word_1_131' title='bbox 755 2850 852 2921; x_wconf 86' lang='lat' dir='ltr'><strong>secus</strong></span> <span class='ocrx_word' id='word_1_132' title='bbox 870 2847 978 2937; x_wconf 76' lang='lat' dir='ltr'><strong>dicia,</strong></span> <span class='ocrx_word' id='word_1_133' title='bbox 1001 2851 1028 2927; x_wconf 76' lang='lat' dir='ltr'><strong>fi</strong></span> 
     </span>
     <span class='ocr_line' id='line_1_21' title="bbox 43 2971 1028 3067; baseline -0.006 -15"><span class='ocrx_word' id='word_1_134' title='bbox 43 2977 174 3067; x_wconf 83' lang='lat' dir='ltr'><strong>quidem</strong></span> <span class='ocrx_word' id='word_1_135' title='bbox 202 2975 425 3052; x_wconf 86' lang='lat' dir='ltr'><strong>memoranda</strong></span> <span class='ocrx_word' id='word_1_136' title='bbox 448 2971 660 3059; x_wconf 83' lang='lat' dir='ltr'><strong>videamur,</strong></span> <span class='ocrx_word' id='word_1_137' title='bbox 695 2988 927 3045; x_wconf 87' lang='lat' dir='ltr'><strong>memoremus</strong></span> <span class='ocrx_word' id='word_1_138' title='bbox 958 2973 1028 3046; x_wconf 83' lang='lat' dir='ltr'><strong>fine</strong></span> 
     </span>
     <span class='ocr_line' id='line_1_22' title="bbox 44 3089 1027 3193; baseline 0.004 -27"><span class='ocrx_word' id='word_1_139' title='bbox 44 3098 191 3192; x_wconf 85' lang='lat' dir='ltr'><strong>superbia</strong></span> <span class='ocrx_word' id='word_1_140' title='bbox 211 3097 514 3182; x_wconf 69' lang='lat' dir='ltr'><strong>dementatione,</strong></span> <span class='ocrx_word' id='word_1_141' title='bbox 540 3103 579 3165; x_wconf 85' lang='lat' dir='ltr'><strong>ur</strong></span> <span class='ocrx_word' id='word_1_142' title='bbox 601 3089 672 3163; x_wconf 80' lang='lat' dir='ltr'><strong>illis</strong></span> <span class='ocrx_word' id='word_1_143' title='bbox 694 3089 893 3164; x_wconf 83' lang='lat' dir='ltr'><strong>erudiantur</strong></span> <span class='ocrx_word' id='word_1_144' title='bbox 908 3091 1027 3193; x_wconf 78' lang='lat' dir='ltr'><strong>regen·-</strong></span> 
     </span>
     <span class='ocr_line' id='line_1_23' title="bbox 44 3217 475 3303; baseline -0.002 -14"><span class='ocrx_word' id='word_1_145' title='bbox 44 3229 110 3303; x_wconf 83' lang='lat' dir='ltr'><strong>tee,</strong></span> <span class='ocrx_word' id='word_1_146' title='bbox 133 3217 186 3294; x_wconf 86' lang='lat' dir='ltr'><strong>his</strong></span> <span class='ocrx_word' id='word_1_147' title='bbox 212 3221 475 3294; x_wconf 82' lang='lat' dir='ltr'><strong>admoneantur.</strong></span> 
     </span>
    </p>

    <p class='ocr_par' dir='ltr' id='par_1_3' title="bbox 88 3328 1026 3436">
     <span class='ocr_line' id='line_1_24' title="bbox 88 3328 1026 3436; baseline -0.004 -23"><span class='ocrx_word' id='word_1_148' title='bbox 88 3337 342 3436; x_wconf 78' lang='lat' dir='ltr'><strong>Stephanitnus</strong></span> <span class='ocrx_word' id='word_1_149' title='bbox 358 3347 543 3412; x_wconf 82' lang='lat' dir='ltr'><strong>contextus</strong></span> <span class='ocrx_word' id='word_1_150' title='bbox 557 3328 722 3428; x_wconf 74' lang='lat' dir='ltr'><strong>deinceps</strong></span> <span class='ocrx_word' id='word_1_151' title='bbox 736 3345 948 3434; x_wconf 76' lang='lat' dir='ltr'><strong>propagetur</strong></span> <span class='ocrx_word' id='word_1_152' title='bbox 962 3347 1026 3430; x_wconf 83' lang='lat' dir='ltr'><strong>per</strong></span> 
     </span>
    </p>
   </div>
   <div class='ocr_carea' id='block_1_3' title="bbox 41 3455 1253 3566">
    <p class='ocr_par' dir='ltr' id='par_1_4' title="bbox 41 3455 1253 3566">
     <span class='ocr_line' id='line_1_25' title="bbox 41 3455 1253 3566; baseline 0.01 -44"><span class='ocrx_word' id='word_1_153' title='bbox 41 3475 105 3532; x_wconf 78' lang='lat' dir='ltr'><strong>mes</strong></span> <span class='ocrx_word' id='word_1_154' title='bbox 128 3455 445 3566; x_wconf 63' lang='lat' dir='ltr'><strong>omero-Latinas</strong></span> <span class='ocrx_word' id='word_1_155' title='bbox 467 3457 651 3532; x_wconf 86' lang='lat' dir='ltr'><strong>Editiones</strong></span> <span class='ocrx_word' id='word_1_156' title='bbox 677 3457 811 3530; x_wconf 81' lang='lat' dir='ltr'><strong>formae</strong></span> <span class='ocrx_word' id='word_1_157' title='bbox 837 3459 1028 3546; x_wconf 81' lang='lat' dir='ltr'><strong>maximae,</strong></span> <span class='ocrx_word' id='word_1_158' title='bbox 1119 3545 1125 3565; x_wconf 40' lang='grc' dir='ltr'><strong><em>Ι</em></strong></span> <span class='ocrx_word' id='word_1_159' title='bbox 1248 3541 1253 3554; x_wconf 55' lang='grc'>,</span> 
     </span>
    </p>
   </div>
   <div class='ocr_carea' id='block_1_4' title="bbox 37 3575 1029 3914">
    <p class='ocr_par' dir='ltr' id='par_1_5' title="bbox 37 3575 1029 3914">
     <span class='ocr_line' id='line_1_26' title="bbox 39 3575 1029 3674; baseline -0.002 -20"><span class='ocrx_word' id='word_1_160' title='bbox 39 3583 235 3674; x_wconf 81' lang='lat' dir='ltr'><strong>paginarum</strong></span> <span class='ocrx_word' id='word_1_161' title='bbox 258 3601 406 3658; x_wconf 89' lang='lat' dir='ltr'><strong>numero</strong></span> <span class='ocrx_word' id='word_1_162' title='bbox 431 3575 466 3655; x_wconf 73' lang='grc' dir='ltr'><strong>δι</strong></span> <span class='ocrx_word' id='word_1_163' title='bbox 493 3578 600 3654; x_wconf 88' lang='lat' dir='ltr'><strong>modo</strong></span> <span class='ocrx_word' id='word_1_164' title='bbox 625 3597 751 3674; x_wconf 77' lang='lat' dir='ltr'><strong>pares,</strong></span> <span class='ocrx_word' id='word_1_165' title='bbox 793 3585 921 3651; x_wconf 87' lang='lat' dir='ltr'><strong>tantem</strong></span> <span class='ocrx_word' id='word_1_166' title='bbox 950 3575 1029 3652; x_wconf 78' lang='lat' dir='ltr'><strong>affe·</strong></span> 
     </span>
     <span class='ocr_line' id='line_1_27' title="bbox 39 3694 1029 3796; baseline 0.003 -26"><span class='ocrx_word' id='word_1_167' title='bbox 39 3711 141 3772; x_wconf 81' lang='lat' dir='ltr'><strong>corut</strong></span> <span class='ocrx_word' id='word_1_168' title='bbox 156 3695 203 3775; x_wconf 81' lang='lat' dir='ltr'><strong>est</strong></span> <span class='ocrx_word' id='word_1_169' title='bbox 229 3703 496 3786; x_wconf 71' lang='lat' dir='ltr'><strong>temeritatem,</strong></span> <span class='ocrx_word' id='word_1_170' title='bbox 520 3721 559 3778; x_wconf 93' lang='lat' dir='ltr'><strong>ut</strong></span> <span class='ocrx_word' id='word_1_171' title='bbox 583 3699 676 3774; x_wconf 86' lang='lat' dir='ltr'><strong>solu&#39;s</strong></span> <span class='ocrx_word' id='word_1_172' title='bbox 695 3709 810 3770; x_wconf 76' lang='lat' dir='ltr'><strong>cerrus</strong></span> <span class='ocrx_word' id='word_1_173' title='bbox 835 3694 871 3770; x_wconf 82' lang='lat' dir='ltr'><strong>dr</strong></span> <span class='ocrx_word' id='word_1_174' title='bbox 897 3705 1029 3796; x_wconf 72' lang='lat' dir='ltr'><strong>germa-</strong></span> 
     </span>
     <span class='ocr_line' id='line_1_28' title="bbox 37 3819 1026 3914; baseline 0.006 -28"><span class='ocrx_word' id='word_1_175' title='bbox 37 3830 103 3889; x_wconf 82' lang='lat' dir='ltr'><strong>nus</strong></span> <span class='ocrx_word' id='word_1_176' title='bbox 118 3819 310 3899; x_wconf 87' lang='lat' dir='ltr'><strong>haberetur.</strong></span> <span class='ocrx_word' id='word_1_177' title='bbox 362 3822 450 3896; x_wconf 86' lang='lat' dir='ltr'><strong>Sunt</strong></span> <span class='ocrx_word' id='word_1_178' title='bbox 472 3833 586 3892; x_wconf 82' lang='lat' dir='ltr'><strong>aurem</strong></span> <span class='ocrx_word' id='word_1_179' title='bbox 608 3819 677 3914; x_wconf 84' lang='lat' dir='ltr'><strong>¹hue</strong></span> <span class='ocrx_word' id='word_1_180' title='bbox 696 3819 867 3894; x_wconf 73' lang='lat' dir='ltr'><strong>editiones</strong></span> <span class='ocrx_word' id='word_1_181' title='bbox 883 3833 1026 3904; x_wconf 73' lang='lat' dir='ltr'><strong>maner,</strong></span> 
     </span>
    </p>
   </div>
   <div class='ocr_carea' id='block_1_5' title="bbox 37 3936 1186 4038">
    <p class='ocr_par' dir='ltr' id='par_1_6' title="bbox 37 3936 1186 4038">
     <span class='ocr_line' id='line_1_29' title="bbox 37 3936 1186 4038; baseline 0.02 -33"><span class='ocrx_word' id='word_1_182' title='bbox 37 3936 160 4013; x_wconf 90' lang='lat' dir='ltr'><strong>eodem</strong></span> <span class='ocrx_word' id='word_1_183' title='bbox 186 3945 297 4017; x_wconf 88' lang='lat' dir='ltr'><strong>modo</strong></span> <span class='ocrx_word' id='word_1_184' title='bbox 324 3959 511 4038; x_wconf 63' lang='lat' dir='ltr'><strong>typorum,</strong></span> <span class='ocrx_word' id='word_1_185' title='bbox 545 3937 658 4018; x_wconf 81' lang='lat' dir='ltr'><strong>forata</strong></span> <span class='ocrx_word' id='word_1_186' title='bbox 680 3941 856 4032; x_wconf 69' lang='lat' dir='ltr'><strong>maxima,</strong></span> <span class='ocrx_word' id='word_1_187' title='bbox 889 3940 1029 4026; x_wconf 69' lang='lat' dir='ltr'><strong>duohti·</strong></span> <span class='ocrx_word' id='word_1_188' title='bbox 1181 4013 1186 4022; x_wconf 89' lang='lat'>.</span> 
     </span>
    </p>
   </div>
   <div class='ocr_carea' id='block_1_6' title="bbox 76 4059 1028 4151">
    <p class='ocr_par' dir='ltr' id='par_1_7' title="bbox 76 4059 1028 4151">
     <span class='ocr_line' id='line_1_30' title="bbox 76 4059 1028 4151; baseline 0.014 -13"><span class='ocrx_word' id='word_1_189' title='bbox 76 4059 238 4140; x_wconf 72' lang='lat' dir='ltr'><strong>Vol-III.</strong></span> <span class='ocrx_word' id='word_1_190' title='bbox 246 4063 415 4151; x_wconf 76' lang='lat' dir='ltr'><strong>ParsIIL</strong></span> <span class='ocrx_word' id='word_1_191' title='bbox 608 4059 641 4133; x_wconf 78' lang='lat' dir='ltr'>C</span> <span class='ocrx_word' id='word_1_192' title='bbox 951 4059 1028 4150; x_wconf 64' lang='lat' dir='ltr'><strong>TO!</strong></span> 
     </span>
    </p>
   </div>
   <div class='ocr_carea' id='block_1_7' title="bbox 0 0 1404 5166">
    <p class='ocr_par' dir='ltr' id='par_1_8' title="bbox 0 0 1404 5166">
     <span class='ocr_line' id='line_1_31' title="bbox 0 0 1404 5166; baseline 0 0"><span class='ocrx_word' id='word_1_193' title='bbox 0 0 1404 5166; x_wconf 95' lang='lat' dir='ltr'><strong> </strong></span> 
     </span>
    </p>
   </div>
  </div>
 </body>
</html>
